3326 5332
544 524 817 594 -161—

221 721 451 821 alberensis:
494 728 583 818 Aug.
617 725 662 795 ds
698 727 804 796 beata
837 730 911 798 uita
944 728 966 798 3
1002 731 1212 820 [superbum

136 846 299 917 studium
330 847 561 916 inanissimae
594 847 746 937 glorias,
787 847 880 939 quod
914 850 964 916 ita
996 849 1083 918 nihil
1120 851 1213 921 intus

135 967 287 1057 plenum
322 971 427 1056 atque
461 965 612 1036 solidum
646 965 783 1056 habat,)
816 975 855 1034 ub
884 963 1024 1058 inflatos
1057 965 1123 1037 sibi
1152 991 1212 1038 su-

128 1081 424 1177 perambulantes
458 1093 684 1177 succrepante
705 1082 841 1178 fraudi
872 1083 941 1154 sala
969 1083 1149 1180 demerent
1174 1110 1215 1157 ac

135 1201 285 1274 sorbeat.
341 1203 393 1275 Of.
432 1204 494 1272 inf.
527 1225 555 1274 s.
587 1228 647 1274 un.
689 1204 943 1296 subfrondsre,
984 1206 1213 1298 subimplere,

137 1324 348 1413 subuslare,
376 1330 409 1391 et
437 1324 482 1392 al.
512 1344 592 1392 anm
619 1325 699 1394 sub·
727 1346 884 1416 compos.
907 1327 998 1414 Aug.
1018 1327 1213 1396 substoma-

138 1444 245 1512 chari
275 1443 392 1532 (etiam
421 1442 490 1511 Jnl.
520 1464 576 1534 ap.
597 1445 687 1534 Aug.
709 1465 737 1514 a.
759 1465 829 1516 sec.
850 1465 943 1535 resp.
964 1445 1033 1513 Jul.
1055 1444 1114 1535 VI,
1138 1446 1212 1537 16).

221 1656 444 1739 subsannio:
485 1664 689 1734 Pin-Sanan.
725 1685 807 1756 qun.
840 1665 968 1736 medin.
999 1665 1071 1734 245
1108 1661 1149 1760 (s.
1180 1686 1213 1732 u.

140 1781 380 1874 dissociatio).

221 1976 458 2062 sbhbebetbbbt
486 1989 577 2076 Aug.
601 2008 683 2077 qun.
708 1989 745 2055 in
773 1987 914 2077 Heptat.
935 1987 995 2076 VI,
1024 1986 1073 2054 30
1101 1986 1213 2067 (hunc

7 2195 11 2202 ¹
141 2108 196 2176 sis
229 2107 425 2175 humanum
455 2108 620 2175 timorem
652 2107 828 2175 Dominus
861 2105 974 2175 noluit
1004 2106 1212 2197 imputare)

139 2222 208 2294 etsi
232 2234 381 2318 apparet
405 2223 444 2294 in
471 2246 508 2293 ea
535 2221 706 2318 quaedam
731 2220 934 2310 subdefectio
950 2220 1057 2318 fidei,
1090 2225 1118 2314 1,
1148 2223 1214 2315 263

124 2385 193 2410 .-
222 2343 440 2429 subdeficere
469 2344 585 2436 Oura,
619 2348 709 2438 Aug.
738 2368 821 2437 qun.
853 2347 889 2414 in
922 2347 1025 2436 Hepb.
1054 2345 1129 2436 VH,
1163 2343 1212 2413 49

81 2529 83 2532 .
140 2463 278 2533 ‘anima
308 2517 315 2533 .
346 2517 353 2533 .
382 2464 634 2534 subdeficiente
661 2472 695 2535 et
722 2464 959 2556 delinquente'
988 2466 1034 2533 al.

222 2675 463 2761 sabastiane:
497 2682 660 2778 [appui]
688 2687 823 2756 suem.
852 2687 1048 2776 Physiogn
1076 2707 1110 2777 p.
1140 2687 1211 2757 161
1259 2668 1262 2674 ’

140 2801 235 2874 oculi
258 2802 375 2897 parui
403 2803 571 2874 tenebrosi
600 2801 680 2874 sicci
712 2803 793 2874 caui
821 2801 1068 2899 subdefluentes
1093 2801 1214 2897 uiuida

223 3017 465 3120 suhbebbssere:
508 3022 633 3116 [Aug]
667 3024 788 3112 Oateg.
818 3025 840 3094 6
867 3021 896 3092 u·
921 3020 982 3116 qui
1007 3019 1111 3115 sinna
1127 3018 1214 3116 fec-

141 3155 249 3217 nauus
275 3143 439 3238 primum
469 3143 681 3215 immensum
707 3139 927 3236 subdeliaunt
954 3138 1122 3237 lapidem,
1155 3138 1215 3210 de-

142 3265 229 3336 binc
253 3263 427 3357 paulatim
456 3319 463 3335 .
495 3319 503 3335 .
531 3261 759 3334 abscindenda
778 3262 956 3360 superflua
977 3259 1026 3334 ad
1050 3261 1215 3342 foraneu-

145 3384 207 3456 des
234 3382 353 3454 cecilius
380 3393 411 3452 et
436 3383 592 3454 membra
613 3381 842 3478 perennium.

222 3582 526 3670 Sbbbesscembeie:
556 3589 645 3656 Mar.
663 3589 770 3656 Mera.
789 3588 1002 3660 Commonit.
1018 3589 1055 3676 4,
1073 3593 1093 3656 6
1110 3589 1216 3680 quin.

143 3713 252 3783 eta'ans
289 3706 556 3782 subdescendens
588 3705 682 3776 bunc
714 3704 833 3799 ipsum
868 3728 1008 3776 sensunu
1042 3703 1146 3775 latius
1177 3706 1217 3776 e’n

144 3829 265 3904 eodem
287 3851 444 3902 sannone
462 3826 565 3899 b'bdli
580 3824 685 3897 buius
704 3825 911 3920 assequitur,
931 3824 979 3895 id.
995 3826 1092 3898 Nest.
1109 3847 1215 3896 serm.

147 3956 170 4024 3
199 3977 233 4046 p.
266 3953 338 4024 770
366 3952 431 4041 bis,
459 3971 553 4019 exce.
582 3951 680 4020 Nest.
710 3949 789 4017 coll.
820 3949 879 4017 alt.
910 3949 930 4016 1
960 3947 1024 4017 bis.

349 4189 404 4196 ...-

255 4336 495 4406 subdeprc'cneua
514 4335 544 4390 B.
