3326 5332
590 561 864 630 -179—

270 755 450 839 trisulcis:
496 763 597 855 Fulg.
638 766 748 856 Rusp.
797 785 851 856 ep.
893 763 916 834 9
956 768 1145 857 (Victoris)
1190 769 1262 838 eins

191 882 374 977 uipereom
404 903 681 976 venenosamque
713 881 890 953 trisulcem
923 883 1093 978 lingnam,
1120 923 1168 938 -
1195 911 1261 981 pro

191 1003 358 1074 trisulcus
384 1025 420 1094 p,
447 1003 567 1091 Varr,
595 1009 633 1072 ut
657 1003 814 1075 bisulcus
842 1026 876 1096 p,
905 1004 1000 1096 Col,
1034 1007 1145 1098 Plin,
1178 1028 1262 1099 qua·

192 1123 368 1192 drisulcuo
394 1123 492 1192 Lact.
521 1122 566 1193 ad
594 1117 751 1220 seond).

270 1354 471 1435 trituratur:
501 1361 591 1452 Aug.
611 1361 667 1430 Ad
689 1363 867 1432 Donatist.
896 1363 946 1432 10
972 1360 1012 1432 in
1038 1372 1158 1456 aperto
1184 1386 1262 1432 eum

191 1480 368 1572 (paleaml
397 1475 518 1548 uident
548 1477 771 1550 trituratores
804 1475 993 1576 (trituratio
1020 1482 1086 1554 id.:
1120 1508 1156 1555 n.
1185 1479 1260 1580 29).

195 1733 450 1741 ——--—————

296 1899 597 1968 triumphabimus),
619 1926 648 1937 -
669 1901 829 1951 crocinus
848 1903 882 1954 A.

262 2069 309 2134 38)
332 2069 374 2120 lta
400 2071 428 2120 in
456 2068 656 2122 nominibus
689 2068 913 2136 compositis,
941 2070 977 2120 iis
996 2083 1068 2136 quae
1087 2069 1261 2122 autebinis

193 2159 324 2206 constent
342 2154 502 2207 nominibus
522 2157 568 2218 (ut
588 2154 782 2222 magnanimus
807 2153 852 2205 uel
878 2155 938 2221 48),
967 2160 1015 2206 aut
1042 2169 1078 2207 ex
1105 2155 1261 2206 adnerbiali

193 2241 328 2304 quopiam
348 2239 528 2290 antecedente
553 2245 581 2291 ct
598 2240 711 2292 nomine
731 2239 776 2303 (nt
794 2239 946 2290 in-animus
966 2240 1011 2291 uel
1032 2241 1091 2305 is),
1111 2254 1179 2308 pro
1197 2255 1261 2308 par·

194 2325 230 2375 tis
261 2326 426 2392 posterioris
456 2325 542 2390 (quae
562 2329 604 2376 est
623 2325 847 2388 denominatiua)
868 2326 1065 2377 terminatione
1084 2325 1214 2378 sollemni
1232 2326 1260 2375 in

193 2424 240 2460 -ue
258 2424 457 2475 nonnunquam
478 2412 623 2463 inuenitur
645 2411 806 2462 terminatio
833 2411 862 2461 in
889 2413 950 2478 -is,
975 2416 1004 2484 nt
1026 2410 1173 2462 bicomis
1195 2409 1262 2478 Veg.

183 2499 259 2562 unet,
281 2494 447 2546 horricomis
463 2497 536 2562 App.
555 2495 740 2559 (albicomus
756 2495 833 2561 Ven,
853 2495 999 2548 alticomus
1015 2497 1075 2561 „Ps
1089 2495 1165 2548 Tert.
1179 2495 1263 2549 indic.

193 2577 275 2631 Dom.
289 2595 317 2630 u.
332 2579 408 2647 223“,
428 2583 610 2648 anguicomus
625 2597 652 2648 p,
673 2582 831 2632 auricomus
844 2579 937 2648 Verg,
951 2580 1153 2634 flammicomus
1167 2579 1261 2645 Prud,

193 2663 356 2716 floricnmus
370 2665 449 2732 Aus,
469 2665 660 2718 frondicomus
679 2666 773 2733 Prnd,
793 2666 950 2733 ignicomus
970 2666 1043 2734 App.
1062 2666 1184 2733 Nemes,
1202 2658 1261 2718 luu-

192 2751 316 2802 ricnmns
335 2750 425 2816 Lucu,
451 2751 627 2804 mollicomus
648 2751 759 2817 Anien,
783 2751 960 2803 multicomus
979 2751 1057 2808 Paul.
1076 2751 1149 2819 Nol,
1168 2752 1262 2804 uerni-

193 2850 289 2887 comus
310 2834 387 2886 Mart.
403 2835 479 2903 Cap,
499 2838 648 2889 uiticomns
668 2836 769 2887 Anien.
784 2834 866 2900 Sid),
880 2862 910 2872 -
930 2835 1138 2900 quadrimanis
1158 2835 1261 2900 Obseq.

193 2919 258 2986 (sed
276 2920 314 2973 id.
333 2929 361 2971 et
379 2921 613 2986 quadrimanus,
640 2925 671 2971 ut
689 2919 874 2987 anguimanus
895 2919 983 2987 Lucr,
1003 2922 1176 2972 centimanus
1196 2921 1261 2972 Hor.

194 3003 288 3073 Ouid,
307 3004 496 3072 longimanus,
516 3006 666 3057 unimanus
679 3006 751 3070 Lin.¹
771 3005 954 3069 aequimanus
974 3004 1151 3072 Ans.1sid.),
1171 3033 1202 3042 —
1221 3005 1262 3054 iu·

193 3092 339 3142 terminis
358 3090 414 3144 iul.
431 3089 488 3143 Vel.
504 3089 589 3158 gloss.
603 3105 654 3158 pro
673 3090 856 3152 interminus
875 3092 948 3157 App.
962 3091 1062 3142 Anien.
1077 3091 1144 3148 Ans.
1158 3089 1262 3155 symm.

194 3175 278 3228 Prud.
293 3177 482 3240 (exterminus
496 3191 581 3229 carm.
595 3175 628 3226 de
641 3175 728 3240 flod).
761 3174 850 3226 etde
873 3177 993 3226 -animns
1013 3179 1041 3226 et
1059 3175 1172 3225 -animis
1192 3189 1263 3240 quae

194 3262 394 3313 annotauimus
414 3261 434 3311 C
454 3277 481 3328 p.
494 3260 540 3312 12*
555 3261 602 3326 (ad
623 3276 693 3327 quae
713 3260 774 3311 add.
789 3260 854 3312 isid.
869 3259 946 3328 Orig.
961 3259 995 3324 X,
1014 3261 1048 3312 90
1067 3261 1216 3312 ‘exanimis
1236 3263 1264 3310 et

193 3347 341 3397 exanimus
368 3345 495 3414 dicimus,
522 3348 594 3398 sicut
619 3347 768 3398 unanimus
789 3352 816 3398 et
840 3348 885 3413 ·is,
905 3347 1029 3398 inermus
1049 3351 1076 3397 et
1095 3347 1144 3410 -is,
1164 3351 1192 3398 et
1211 3347 1263 3398 hoc

194 3437 292 3482 nostro
315 3419 423 3483 'iudicio
452 3431 584 3483 subiacet’
605 3437 632 3484 et
656 3432 738 3484 Maur.
758 3431 814 3485 Sat.
832 3433 854 3500 I,
874 3433 898 3500 4,
920 3432 976 3494 16).
1012 3432 1103 3484 Simili
1124 3432 1264 3483 uariantia

193 3520 242 3568 aut
260 3517 363 3584 -ingus
383 3522 430 3568 aunt
448 3517 533 3581 iugis
553 3522 601 3568 aut
620 3522 771 3583 utrumque
790 3519 958 3585 promiscue,
985 3522 1014 3569 ut
1033 3517 1146 3582 biiugus
1161 3525 1262 3574 (δίκαιε

193 3601 300 3668 bigae),
312 3601 431 3668 biiugis3
460 3603 596 3668 cuningus
617 3601 712 3666 Prisc,
733 3601 783 3653 sed
811 3604 945 3653 usitatum
960 3603 1064 3654 coniux
1082 3615 1097 3650 e
1116 3602 1259 3667 coniugis,

194 3687 362 3754 multiiugns
382 3688 441 3739 liin.
462 3685 533 3739 Geli.
553 3685 610 3750 all,
630 3687 788 3752 multiiugis
814 3685 868 3737 Cio.
893 3699 953 3752 ομ,
984 3684 1169 3750 quadriingus
1194 3700 1212 3750 p
1236 3688 1264 3734 et

194 3771 249 3839 pA,
263 3771 313 3823 sed
325 3771 390 3825 inde
409 3772 593 3839 (quadrigam
607 3771 644 3838 gl.
660 3774 701 3836 et)
720 3771 798 3840 uulg.
811 3771 975 3838 quadrigas,
989 3767 1167 3836 quadriiugis
1180 3767 1263 3834 Verg.

194 3858 285 3926 App,
305 3859 411 3926 seingis
425 3858 470 3924 pA
485 3863 512 3909 et
525 3859 640 3923 seiugno
653 3856 728 3922 isid,
742 3858 868 3924 totiugus
884 3858 966 3924 App,
981 3855 1098 3921 totiugis
1111 3853 1163 3919 id,
1185 3853 1263 3904 triin·

194 3957 247 4010 gns
268 3945 341 4011 App.
360 3949 388 3994 et
406 3943 471 3994 iude
489 3945 564 4010 triga
578 3942 642 4009 le.
662 3941 739 4008 Dig,
760 3943 837 4009 Aru,
853 3941 937 3994 Anth.
957 3942 1026 4007 Lat,
1046 3940 1159 4007 triingis
1179 3941 1262 4006 Ans,

194 4053 227 4065 -
246 4028 381 4096 altiugus
409 4029 436 4081 Ρ.
456 4027 534 4094 Nol,
563 4027 716 4096 celsiiugus
742 4043 825 4080 cerm.
844 4028 873 4078 in
893 4025 992 4079 Genes.
1011 4024 1074 4092 291,
1102 4025 1263 4092 introiugus

194 4115 292 4182 insen,
312 4113 521 4180 quinqueiugns
540 4111 596 4168 Jul.
612 4113 689 4181 Vel,
709 4113 846 4180 subingus
866 4112 939 4180 App.
959 4111 1075 4176 (mulier
1095 4111 1186 4162 molae
1206 4125 1261 4161 ma-

195 4198 337 4250 chinariae
358 4198 509 4264 subiugum
529 4211 572 4248 mc
592 4197 669 4250 dedit
686 4199 722 4251 Μ.
736 4198 797 4266 VII,
811 4200 869 4266 15),
890 4198 1016 4265 toringus
1036 4199 1114 4264 Aue,
1129 4197 1262 4262 uniiugus

195 4283 267 4336 Plin.
281 4283 372 4350 Tere,
387 4311 418 4322 ·-
433 4283 614 4350 decemiugis
628 4284 713 4354 Suet,
732 4283 842 4352 deingis
857 4285 935 4352 Ans,
950 4283 1089 4350 octoiugis
1103 4282 1162 4334 Liu.
1177 4279 1262 4346 Tert,

195 4374 224 4422 et
241 4371 282 4422 sic
299 4369 364 4422 alia.

1009 4470 1061 4525 12*
