3300 5324
791 507 1071 578 „304-

494 707 548 760 111·
571 722 598 759 n.
623 706 663 758 11.
707 703 836 756 (tatarum
865 703 898 754 ci.
926 717 952 754 ιι.
978 702 1013 752 et
1036 702 1239 767 manticamque
1266 702 1301 753 ad
1326 704 1463 770 eandem,

496 791 581 860 paulo
600 790 720 844 inferius
739 787 909 842 subillatum.

395 877 462 945 Pag.
481 876 532 929 115
550 875 568 929 l.
586 876 621 928 ³0
638 889 704 926 acr.:
725 873 758 926 0·

409 985 444 1002 ·-
484 961 535 1014 its
553 974 594 1026 aq.
612 960 641 1010 in
661 974 687 1012 n.
712 957 744 1010 ts
767 958 902 1010 memoria
928 957 999 1024 lapsi
1023 956 1188 1020 iterabimus
1213 957 1271 1008 iere
1296 956 1371 1008 dicta
1390 973 1418 1022 p.
1442 959 1467 1023 1,

496 1044 525 1096 id
544 1044 620 1111 qnod
639 1047 802 1096 excusatum
822 1043 924 1094 habeat
943 1042 1038 1095 lector.

409 1157 443 1170 ·-·
479 1129 686 1183 bibissent
708 1130 732 1182 l.

411 1241 443 1256 —·
480 1213 568 1268 2281.
587 1213 619 1265 12
638 1213 795 1268 scr.:An.
813 1212 856 1264 81.

411 1326 444 1340 -
482 1298 534 1352 130
552 1298 570 1351 l.
589 1297 602 1349 1
623 1297 700 1351 add:
720 1298 766 1363 (ci.
786 1313 812 1348 ιι.
831 1297 866 1348 90
883 1295 918 1348 ad
937 1312 964 1348 u.
983 1295 1146 1363 pestilitas).

412 1413 444 1424 -
480 1383 569 1436 1301.
588 1385 602 1434 1
621 1398 690 1436 sen:
708 1386 846 1434 centum
865 1382 1112 1448 septuaginta.

412 1495 444 1508 -
481 1469 532 1522 teo
551 1472 616 1536 post
634 1467 652 1519 l.
669 1469 686 1520 8
704 1466 781 1520 add.:
802 1467 983 1534 Participium
998 1479 1088 1533 praes.
1101 1471 1151 1516 act.
1166 1468 1310 1532 assumpta
1322 1467 1466 1531 potest-alc

497 1552 637 1620 passiui
657 1567 682 1603 n.
701 1553 735 1605 te
754 1557 781 1602 et
800 1551 861 1603 add.
881 1567 906 1618 p.
926 1551 985 1602 297.

412 1665 444 1676 -
481 1637 532 1688 130
549 1637 577 1687 in
598 1652 625 1701 ιι,
656 1635 783 1689 statu:
809 1635 1000 1701 aemulanter,
1019 1637 1170 1698 attractus,
1191 1651 1217 1700 u,
1237 1635 1466 1702 completorium,

497 1721 629 1785 electura,
648 1720 789 1787 eluctatio,
807 1719 980 1787 interlatere,
1000 1734 1177 1787 percresccre
1195 1721 1237 1783 (ιι.
1250 1719 1305 1787 97),
1325 1721 1464 1786 prosemi-

498 1810 589 1872 nator,
608 1807 806 1875 supermicare.

414 1917 446 1929 -—
483 1891 531 1944 231
551 1905 592 1958 sq.
611 1891 645 1942 ad
666 1908 690 1942 n.
709 1891 757 1943 st:

499 2043 687 2096 biantisam
705 2043 882 2096 annotationi
901 2041 935 2094 et
954 2041 1106 2094 subinferri
1129 2041 1236 2108 placuit
1254 2041 1386 2094 hocloco
1399 2041 1465 2092 Ar·

395 2129 497 2182 nubii
524 2134 552 2180 et
576 2129 710 2182 Firmiaui
736 2126 932 2194 Lactantii,
959 2126 1114 2178 illustrium
1139 2126 1226 2179 seculi
1251 2125 1291 2179 111
1316 2141 1361 2180 ex.
1381 2131 1409 2178 et
1426 2125 1464 2178 IV

397 2215 521 2266 ineuntis
534 2215 702 2282 scriptorum
716 2213 977 2279 aeclesiasticorum,
998 2225 1121 2263 uocum
1141 2211 1375 2276 deriuatiuarum,
1395 2225 1466 2277 quas

398 2300 426 2348 in
451 2299 642 2365 perfunctoria
664 2298 784 2348 lectione
812 2301 1028 2349 enotaueramus
1058 2297 1199 2364 ipsorum,
1231 2301 1262 2349 ut
1286 2295 1465 2359 uidebantur,

397 2381 619 2449 peculiares,
644 2381 784 2432 breuiaria
803 2381 1057 2448 praecipuarum').
1094 2379 1169 2445 Quas
1190 2395 1272 2434 uoces
1292 2395 1343 2448 per
1360 2396 1467 2448 genera

398 2466 566 2533 digessimus
585 2467 625 2517 its
643 2466 771 2532 quidem,
799 2473 831 2516 ut
856 2465 1024 2533 praecedant
1042 2469 1087 2531 (a)
1106 2480 1169 2531 eae,
1198 2480 1317 2532 quarum
1336 2472 1466 2519 auctores

397 2566 429 2602 ac
448 2556 533 2603 testes
551 2566 608 2603 non
622 2551 706 2618 primi
721 2555 827 2602 tanturn
842 2550 895 2614 illi,
914 2552 963 2603 aed
983 2553 1057 2602 unici
1076 2551 1167 2603 adhuc
1184 2550 1297 2617 quidem
1317 2551 1465 2619 habentur,

399 2635 474 2703 dein,
493 2635 618 2688 semicoli
637 2640 705 2688 nota
718 2634 937 2699 discriminante,
958 2637 1142 2702 insequantur
1154 2635 1202 2701 (b)
1216 2635 1352 2689 rrocatula
1364 2651 1466 2704 propa·

397 2725 464 2788 gata
482 2720 555 2789 apud
574 2721 726 2787 scriptores
745 2720 816 2773 ulios
835 2719 893 2772 illis
919 2722 1092 2789 posteriores
1118 2724 1183 2786 (aut
1206 2725 1281 2772 certe
1306 2723 1399 2773 minus
1418 2735 1466 2772 ex·

397 2805 524 2874 placatae
537 2806 660 2870 aetatis).
696 2804 771 2857 inter
785 2804 949 2857 Arnobiana
962 2819 1053 2871 neque
1067 2809 1203 2873 usurpata
1217 2806 1354 2870 quaedam
1369 2805 1466 2857 lctis

398 2904 463 2957 quc
475 2904 541 2957 que
561 2891 764 2944 Pandecterum
781 2905 894 2944 censere
908 2891 1099 2944 dubitauimus
1118 2891 1211 2955 (uncis
1227 2893 1319 2942 tamen
1332 2890 1466 2958 seclusa),

398 2976 434 3027 iis
452 2991 534 3044 nero,
554 2989 625 3042 ques
645 2975 788 3028 Arncbius
807 2993 868 3030 cum
890 2975 1044 3044 Lactantio,
1067 2975 1215 3043 discipulo,
1237 2980 1267 3028 ut
1286 2977 1385 3043 fertur,
1405 2991 1466 3040 suo,

397 3059 482 3112 hebet
500 3063 668 3127 communia,
686 3073 720 3115 >
732 3063 970 3129 praenotauimus.
1007 3061 1093 3114 Sedes
1113 3075 1214 3112 uocum
1233 3061 1262 3111 in
1280 3060 1382 3113 lexicis
1396 3060 1466 3111 indi·

398 3143 514 3198 cibusue
540 3144 744 3198 demonstratas
769 3161 847 3199 more
871 3151 969 3198 nostro
995 3147 1053 3198 iere
1079 3146 1297 3212 contempsimus
1321 3147 1467 3198 reiterare.

478 3247 624 3303 Arnobii
634 3252 712 3300 aunt:
727 3247 869 3306 abstrusio,
880 3248 992 3313 allusio,
1005 3247 1153 3315 consertio,
1169 3247 1351 3299 contrectatio
1360 3248 1401 3310 (ιι.
1409 3246 1467 3312 90),

396 3335 408 3357 “
420 3335 506 3386 cultio
520 3333 682 3400 (numinis),
703 3332 865 3400 disiugatio,
884 3333 1074 3400 *dissignatio
1094 3335 1134 3396 (n.
1147 3333 1204 3398 90),
1225 3332 1381 3396 eneruatio,
1402 3345 1465 3382 eua-

396 3419 518 3485 ginatio,
538 3418 676 3484 expetitio
694 3417 766 3480 (111*
785 3433 811 3470 n.
831 3419 877 3483 1),
895 3417 1023 3470 'iunctio
1042 3431 1068 3484 q.
1089 3431 1163 3469 mors
1182 3417 1217 3484 11,
1235 3419 1279 3483 51,
1298 3417 1332 3468 62
1351 3414 1406 3480 al.,
1425 3417 1467 3466 in·

397 3501 564 3569 cumulatio,
589 3502 776 3554 interstinctio
797 3501 865 3568 ,VI,
889 3502 1108 3567 3“,(interstitio
1134 3501 1206 3567 ,Vl,
1231 3501 1310 3568 12⁴⁴),
1337 3501 1467 3564 intortio,

398 3587 533 3655 munatio,
558 3586 711 3654 obsecutio,
731 3587 865 3655 obtentio,
885 3591 1022 3656 perrectic
1042 3589 1083 3655 (p.
1103 3587 1177 3653 217),
1198 3586 1323 3654 ²⁰pulsic,
1348 3587 1468 3653 'super-

396 3673 495 3739 iectio,
515 3676 547 3724 ut
566 3671 598 3739 V,
617 3671 651 3725 35
669 3672 824 3741 (tegminis)
843 3673 895 3743 el,
921 3673 1069 3742 abnegatio
1089 3671 1161 3739 (0*),
1186 3671 1366 3739 *amputatio
1387 3671 1469 3722 trusi.

396 3759 435 3824 (n.
453 3758 513 3824 90),
538 3758 675 3810 'assertio
695 3757 758 3826 ,IV,
778 3758 824 3811 21:
845 3774 861 3811 o
881 3758 997 3812 deorum
1016 3761 1135 3812 assertio
1154 3757 1305 3824 religiosa“
1326 3755 1362 3806 al.
1382 3755 1466 3821 (Aru.

396 3843 454 3894 iun.
473 3847 502 3893 in
525 3858 566 3910 ps.
585 3843 635 3896 103
661 3846 721 3909 ‘par
745 3845 928 3898 assertionem
953 3845 1119 3897 catholicam
1144 3843 1281 3894 aduersus
1300 3841 1468 3893 haereticca'

399 4017 651 4025 n—-m———ffl

498 4145 517 4193 ¹)
530 4147 553 4183 ln
566 4147 684 4193 uocabulis,
705 4158 758 4196 quae
770 4151 793 4186 ut
811 4148 896 4195 antiqua
909 4156 934 4184 ar
946 4145 1008 4194 uulgo
1021 4149 1071 4185 nota
1084 4147 1187 4198 (quamuis
1200 4157 1241 4185 non
1257 4146 1326 4194 nobis)
1340 4155 1468 4184 conmemo-

396 4216 467 4252 rantur
474 4212 510 4251 uel
523 4213 647 4252 adhibentur
656 4215 729 4266 (ueluti
742 4218 827 4256 dacruru
837 4216 978 4264 quorundam),
992 4215 1117 4263 colligandis
1127 4216 1300 4262 conectendisque
1317 4213 1469 4252 incuriosiorea

397 4281 479 4320 luimus.
