3328 5324
572 552 826 623 ..17-

243 753 538 846 capessibilis:
579 753 683 822 Marii
716 754 925 826 Mercatoris
960 759 1038 848 (qui
1071 764 1235 854 supparis

162 875 364 966 Augustino
391 873 456 941 fuit
475 873 571 956 aeui)
599 873 704 962 intpr.
724 874 864 944 Nestor.
892 894 998 947 serm.
1020 875 1055 967 7,
1082 877 1130 947 42
1158 877 1235 971 quis

162 988 362 1084 suspicetur
387 985 570 1058 Deitutem
603 986 784 1071 furacibus
814 991 974 1063 montius
1005 994 1236 1087 capessibilem

162 1105 267 1196 ossei,
294 1107 341 1180 id.
371 1113 566 1200 excerptor.
594 1108 735 1181 Nestor.
764 1111 844 1181 coll.
872 1112 916 1203 11,
944 1113 1004 1183 15.

240 1303 414 1405 captitiis
447 1307 499 1403 (q.
528 1303 738 1407 captiosus):
779 1312 939 1383 Facuud.
975 1313 1110 1388 defens.
1138 1318 1183 1408 V,
1212 1317 1232 1388 2

161 1429 195 1502 si
220 1426 359 1524 quoeris
385 1450 591 1523 eoquoscece,
620 1425 712 1522 quod
736 1451 808 1498 mou
835 1428 909 1500 istis
935 1430 1085 1504 obscuris
1103 1445 1134 1504 et
1151 1457 1234 1529 cop-

161 1546 251 1621 titiis
283 1545 607 1628 adiuueutiouibus‚
648 1544 708 1618 sed
736 1571 802 1618 suo
832 1559 953 1643 sponte
985 1550 1178 1646 conspicuis
1205 1563 1237 1624 et

162 1664 376 1738 euidentibus
402 1664 632 1747 documentis,
666 1690 753 1761 quoe
778 1689 862 1740 uere
884 1667 984 1760 facto
1010 1681 1059 1741 est
1084 1671 1232 1767 ueootio,

163 1785 429 1866 demonstretur,
459 1783 596 1856 ottemie
621 1809 746 1880 quaeso
772 1786 887 1881 quotis
903 1787 1023 1885 fuecit
1050 1844 1059 1860 .
1088 1843 1096 1861 .

240 1984 442 2085 castutius:
482 1993 573 2081 Aug.
609 2012 638 2060 s.
672 1993 793 2060 Faust.
829 1993 911 2082 xx,
945 1993 993 2063 17
1020 1992 1160 2084 (pastor
1188 1991 1233 2060 sd

165 2109 379 2202 capiendum
400 2111 568 2194 bestiam)
591 2130 699 2203 pecus
723 2131 829 2178 suum
854 2108 936 2180 soiet
954 2107 1145 2203 pomereio
1171 2107 1233 2178 iilo

164 2225 327 2321 captoria
345 2224 531 2306 teudicuio,
551 2249 624 2297 mou
638 2225 834 2298 membrum
847 2252 953 2299 suum
959 2255 971 2308 ,·
988 2234 1103 2301 neutr.
1122 2230 1232 2300 subet.

163 2347 223 2418 Ps.
244 2349 335 2440 Aug.
355 2368 460 2418 serm.
483 2347 568 2438 205,
588 2323 617 2418 1'
629 2356 677 2428 ut,
699 2344 762 2442 qui
778 2358 858 2418 oute
876 2346 1073 2443 coptorium
1091 2345 1235 2418 iaciebat

164 2463 205 2536 iu
232 2464 316 2547 seio,
343 2464 444 2537 uerbi
467 2488 564 2536 uuuc
588 2463 679 2536 cotie
703 2478 849 2562 spocyot
874 2466 913 2539 iu
940 2465 1087 2539 muodo.

242 2660 438 2765 1111111111,
453 2661 633 2764 mutilate
649 2660 757 2766 (unde
772 2671 930 2762 chapter,
949 2672 1110 2764 ehaplar,
1133 2710 1172 2722 -
1189 2671 1233 2740 ef.

166 2787 277 2882 cipue
297 2810 325 2860 s.
345 2810 452 2882 copo,
470 2785 629 2881 ksppon)
651 2811 684 2881 q.
702 2788 901 2879 considero,
925 2811 1062 2879 secors,
1083 2787 1233 2858 elidere:
1279 2783 1306 2832 ⁰

164 2909 260 2980 Mela
291 2903 411 3004 (piscis
432 2960 439 2977 .
462 2961 470 2977 .
497 2910 568 2978 ictu
597 2909 837 2998 copulantium
865 2902 1103 3002 interfectus),
1136 2909 1233 2976 Hier.

165 3028 202 3096 in
229 3049 284 3118 ps.
311 3027 387 3097 118
413 3024 505 3105 tolie,
533 3023 675 3119 copule,
704 3046 796 3102 soce,
825 3026 983 3095 Anthim.
1015 3024 1061 3095 75
1088 3022 1235 3092 booetius

166 3145 348 3240 copulatos
382 3155 413 3215 et
446 3142 618 3223 minutas,
659 3142 708 3215 43
740 3164 837 3212 essee
868 3139 919 3212 ito
949 3151 989 3212 ut
1020 3139 1235 3236 capeiieutuc

159 3273 293 3357 portes,
325 3265 455 3360 „Legg.
484 3265 585 3334 barb.
615 3269 763 3356 utraque
791 3263 908 3333 forma
934 3255 1046 3355 freq.“
1081 3261 1136 3353 (cf.
1162 3263 1235 3332 Hil-

166 3382 326 3454 debrand
355 3384 471 3456 Gloss.
491 3384 567 3473 lat,
595 3383 710 3455 Goett.
731 3382 844 3473 1854,
870 3406 905 3474 p.
926 3375 1012 3477 45);
1041 3423 1085 3435 -
1117 3383 1235 3476 capul·

166 3523 228 3572 are
257 3502 393 3573 Colum.
423 3499 655 3594 (copulantur
682 3499 824 3594 boues).

242 3693 398 3779 11111111Ιᾶ
427 3696 593 3799 (aarum
635 3705 781 3774 Hieron.
817 3705 852 3772 in
883 3705 992 3775 Amos
1024 3702 1088 3791 ΙΙΙ,
1125 3702 1171 3770 ad
1200 3703 1235 3792 7,
1321 3753 1325 3760 -

166 3823 218 3894 14
243 3845 319 3916 sqq.
346 3821 529 3918 symmicto
548 3875 586 3892 ..
619 3832 767 3916 cyrestes
802 3819 959 3914 effecum
985 3817 1097 3914 ficus,
1136 3841 1233 3911 quoe,

163 3938 198 4010 si
220 3963 293 4012 mou
319 3941 534 4022 ueiiiceutur,
562 3938 805 4010 amarissimos
829 3936 1001 4010 cariculas
1017 3934 1177 4033 fuciunt.
