3326 5332
811 517 1091 588 -156-

497 727 648 803 *termo
676 725 823 796 ebusina
851 723 896 792 de
923 743 1011 794 uoee
1036 722 1157 813 aliqua
1176 721 1351 812 singulari
1368 726 1493 811 posta,

421 871 455 917 n.
484 867 515 916 c.
542 847 658 916 Rufin.
687 843 785 934 Orig.
813 844 946 934 prinae.
974 842 989 911 Ι
1016 863 1069 932 pr.
1098 841 1121 911 8
1147 862 1222 910 non
1248 836 1343 909 idern
1368 862 1494 910 sensus

419 962 469 1034 ibi
484 986 528 1033 ee
541 961 602 1034 isto
615 984 773 1032 seraone
790 956 980 1050 ἀσωμάτου
999 956 1113 1052 (sapt
1134 961 1326 1052 appellatio
1347 956 1494 1050 ἀσωμά-

420 1087 500 1167 του)
515 1079 706 1161 indicatur,
721 1078 783 1174 qui
790 1134 818 1151 ..
836 1076 1039 1157 ostenditur,
1050 1101 1130 1147 runt
1143 1076 1185 1147 de
1198 1075 1407 1171 incorporea
1420 1101 1492 1147 na-

420 1212 504 1272 tura
518 1225 540 1270 a
548 1197 764 1295 philosophis
777 1195 989 1293 disputatur,
1003 1197 1164 1271 Cassiod.
1173 1199 1210 1269 in
1224 1219 1278 1290 pe.
1289 1197 1350 1289 21,
1366 1197 1387 1268 1
1404 1193 1495 1279 δέος

422 1323 534 1402 sermo
557 1341 706 1414 praeces
724 1328 783 1398 est,
810 1314 871 1412 qui
888 1314 995 1387 latine
1012 1314 1269 1409 interpretatur
1294 1312 1402 1385 timor
1429 1317 1493 1405 aL,

423 1442 512 1510 Hiet.
541 1441 621 1529 trip.
640 1438 706 1527 VI,
735 1437 780 1507 21
809 1433 989 1506 sciendum
1015 1433 1111 1528 quia,
1140 1433 1215 1504 licet
1239 1432 1379 1527 antiqui
1401 1431 1492 1528 plei-

422 1554 555 1650 Iosopiei
580 1554 673 1626 hunc
699 1576 894 1624 sermonem
921 1556 974 1638 (h.
996 1574 1027 1625 e.
1053 1555 1268 1625 uocabulum
1292 1551 1492 1639 ὑπόστασις,

423 1677 638 1756 substantia)
659 1670 876 1766 reliquerint,
895 1683 1013 1741 tamen
1030 1669 1185 1742 iuniores
1200 1669 1492 1766 philosophorum

420 1815 488 1887 pro
515 1790 706 1864 mistantie
731 1788 965 1861 subsistentiae
987 1813 1145 1861 sermone
1161 1800 1245 1860 sunt
1262 1788 1327 1869 usi,
1348 1830 1395 1843 -
1418 1813 1492 1890 qua

423 1912 723 2006 superinduetieia
756 1913 923 1982 uocabuli
950 1916 1123 2002 potestate
1150 1912 1204 1981 uai
1231 1916 1323 2000 sunt,
1351 1913 1412 2002 qui
1438 1914 1490 1980 in·

423 2035 642 2123 seripserunt
666 2031 774 2102 Nonii
802 2037 909 2123 eaput
934 2031 983 2100 IV
1010 2027 1067 2099 ‘de
1101 2031 1204 2099 uaria
1230 2030 1490 2120 significatione

424 2149 640 2220 sermonnm'
669 2150 722 2231 [h.
752 2169 782 2218 e.
812 2170 954 2239 uocum,
980 2154 1019 2218 ut
1045 2148 1250 2237 aduersum,
1278 2150 1399 2218 anima
1420 2201 1427 2218 .
1449 2152 1490 2236 .),

424 2273 460 2336 et
485 2267 661 2355 Fulgentii
687 2267 848 2336 libellum
874 2264 1057 2358 ‘expositio
1090 2288 1297 2336 sermonum
1330 2268 1490 2359 antiquo·

423 2384 514 2454 rum'
541 2384 593 2473 (h.
622 2404 651 2452 e.
679 2386 924 2476 interpretatio
951 2406 1079 2455 uocum
1108 2388 1364 2476 antiquarum).

500 2572 774 2656 sermocinator:
803 2580 904 2668 Fulg.
925 2580 1034 2670 Rusp.
1062 2579 1194 2650 Contra
1222 2600 1327 2648 serm.
1355 2578 1489 2649 Fastid.

425 2695 472 2766 17
500 2694 588 2766 sicut
614 2697 875 2777 sermocinator,
910 2695 996 2766 dum
1023 2694 1206 2766 ueritatem
1232 2719 1339 2790 quarn
1364 2695 1489 2765 memi-

424 2812 478 2885 nit
508 2813 670 2908 mmeuur,
704 2813 797 2909 queat
827 2840 849 2884 a
881 2838 922 2886 sev
937 2813 1122 2909 prolatum
1154 2813 1304 2893 indicat,
1338 2814 1400 2884 hoc
1431 2813 1489 2885 in·
1538 2907 1541 2916 Ι

423 2945 479 3004 tus
505 2932 545 3004 in
572 2944 685 3004 utente
710 2933 900 3028 repositum
925 2943 1115 3012 monstrut;
1142 2972 1188 2986 -·
1221 2937 1491 3006 sermocinatrix

425 3055 543 3144 Quint.
574 3057 666 3145 App.

500 3231 662 3331 siiissimts
681 3242 895 3330 (siligineusz
916 3243 958 3308 ef.
978 3243 1042 3311 HA
1062 3265 1096 3332 p.
1120 3241 1196 3311 21*
1216 3246 1303 3335 sq.]:
1330 3244 1489 3330 Dynam.

424 3358 451 3444 1,
481 3357 500 3426 7
520 3354 736 3448 sortiariis
763 3355 922 3428 omnibus
949 3370 995 3427 est
1018 3357 1180 3452 siliyinus
1207 3356 1358 3452 (panis).

423 3559 677 3568 ..m—

524 3672 711 3724 seruitialis
724 3672 760 3740 ῦς
780 3701 813 3711 -
830 3673 931 3724 sescla
945 3675 986 3741 A3
1002 3699 1026 3708 -
1044 3677 1216 3743 sescuplae·
1230 3677 1261 3744 B,
1276 3676 1322 3730 ubi
1335 3676 1487 3744 legendum

526 3765 580 3812 eet:-
601 3759 781 3828 (centuplex)
796 3799 801 3810 .
815 3799 822 3813 .
835 3762 1028 3831 (centuplus);
1042 3790 1074 3801 -
1087 3762 1193 3813 saneti
1211 3762 1247 3831 03
1266 3790 1299 3802 -
1316 3761 1489 3830 sioutsiea-

526 3854 575 3894 tor
593 3848 621 3896 et
638 3845 720 3896 -tria
733 3845 771 3910 133
786 3873 817 3883 —
835 3845 1098 3913 siliquastreusis
1111 3851 1152 3913 A3
1166 3875 1198 3886 -
1211 3848 1418 3899 sttuteaeuus
1436 3846 1488 3915 ib,;

527 3957 558 3967 —-
577 3929 728 3980 sineiotor
752 3930 898 3996 Beitr.11;
927 3959 958 3971 —
985 3933 1262 3984 similimemtrius
1289 3934 1330 4000 A3
1359 3961 1389 3970 —
1419 3934 1489 3982 sim-

525 4013 625 4078 plium
644 4015 680 4082 03
700 4042 732 4054 -
750 4017 934 4084 sinapiscur
952 4020 994 4084 (?)
1013 4021 1047 4072 A.

425 4130 571 4208 centipeda
584 4147 604 4183 e.
619 4131 699 4198 Ptin,
714 4134 782 4188 Arn.
796 4134 870 4198 Isia,
885 4135 1053 4204 decempeda
1071 4152 1102 4203 a,
1122 4137 1409 4205 fluxipedusAuie11.,
1429 4137 1487 4188 mil-

425 4214 525 4282 lepeds
548 4231 569 4268 e.
589 4215 675 4286 Ptin,
700 4218 789 4286 Hier,
816 4219 970 4288 multipeda
991 4221 1075 4285 Ptin,
1100 4221 1135 4273 al.
1156 4222 1264 4291 Grom,
1289 4222 1488 4290 quadrupedes

424 4299 539 4366 Fronto,
561 4302 660 4370 Amm,
679 4305 884 4373 ecru(pi)peda.
922 4304 962 4358 Gt.
983 4305 1003 4357 G
1023 4323 1048 4375 p.
1068 4306 1110 4372 18,
1129 4323 1155 4358 n.
1175 4308 1216 4360 10.
