3328 5324
570 563 823 633 ...7-

161 769 234 864 ipse
261 766 388 838 allator
411 763 566 862 prandii
588 764 637 836 od
662 765 846 860 coquinam
872 816 908 837 ..
937 764 1100 838 sollicitus
1126 764 1231 841 addi·

159 887 214 962 ait
240 909 401 959 uaereru.

237 1115 459 1201 *alteruter
501 1124 722 1214 pronominis
758 1126 871 1194 instar
909 1127 1083 1217 reciproci
1114 1123 1232 1220 (ἀλλή-

159 1239 242 1338 λων)
277 1251 351 1314 tam
383 1245 605 1314 substantiae
638 1264 702 1332 pro
736 1241 840 1311 ‘inter
871 1244 920 1314 se'
953 1246 1009 1314 uel
1042 1243 1233 1336 ι1111111111,

159 1387 268 1455 qaam
297 1364 487 1452 adiectiae,
514 1363 563 1430 ita
591 1368 627 1430 ut
654 1363 699 1431 sit
725 1382 758 1452 q.
786 1369 941 1453 mutuus,
969 1365 1153 1435 abusionis
1179 1387 1232 1434 re·

159 1485 357 1552 cantiorum
383 1484 420 1550 in
447 1483 604 1551 Historia
630 1484 873 1552 ecclesiastica
899 1485 1077 1574 trIpartita
1107 1479 1229 1577 (quarn

160 1602 369 1671 translatam
398 1599 442 1668 de
469 1621 599 1691 graeco
625 1622 690 1692 per
708 1603 951 1694 Epiphaniam
970 1603 1231 1674 Scholasticum

161 1744 183 1789 a
210 1719 445 1810 Cassiodoro,
479 1721 577 1788 caius
611 1721 703 1789 inter
730 1724 861 1812 scripta
888 1722 1058 1812 habetur,
1093 1726 1232 1791 constat

163 1860 242 1909 esse
271 1831 416 1933 editam)
446 1840 600 1908 maxime
627 1842 874 1929 frequentatae
903 1841 1067 1930 exempla
1094 1861 1137 1908 ex
1162 1841 1231 1908 hac

162 1959 389 2049 potissimum
409 1958 558 2027 collecta
578 1960 739 2047 apposui,
769 1963 986 2029 anteriorum
1006 1959 1128 2047 aliqua
1153 1959 1233 2027 aab·

160 2079 245 2146 ieci:
291 2078 382 2146 Hist.
417 2077 497 2167 trip.
530 2076 565 2166 I,
592 2076 638 2146 11
677 2097 720 2144 ue
755 2097 788 2144 se
821 2075 1089 2145 alterutrant
1119 2071 1232 2144 nudos

161 2192 334 2274 uiderent,
363 2195 411 2265 13
439 2192 557 2264 debere
575 2217 637 2263 nos
657 2247 665 2264 .
686 2246 694 2262 .
713 2193 902 2275 alterutris,
932 2215 1020 2287 quae
1038 2191 1139 2286 apud
1154 2190 1227 2262 sin-

157 2313 257 2406 pulos
285 2323 461 2406 aptentur,
492 2310 693 2394 insinuare,
727 2315 775 2386 19
803 2313 899 2386 uobis
925 2312 1019 2384 iuter
1046 2311 1232 2384 alterutros

154 2455 226 2525 pro
247 2431 416 2526 paruulis
435 2484 443 2501 .
465 2487 474 2504 .
499 2431 780 2504 contendentibus
798 2431 921 2512 causis,
951 2440 985 2504 et
1003 2435 1051 2504 ib.
1081 2425 1231 2528 aliqluo-

160 2545 256 2648 ties),
276 2553 363 2644 11,4
389 2548 473 2645 quia
493 2550 688 2646 pessimum
709 2606 716 2622 .
738 2551 956 2633 uideretur,
984 2561 1025 2622 ut
1051 2548 1232 2622 destructis

160 2668 311 2740 lostibus
335 2721 343 2738 .
371 2723 379 2740 .
407 2669 596 2741 sacerdotes
632 2670 819 2742 alterutros
853 2670 1096 2742 iacularentur
1130 2681 1232 2763 atque

162 2787 433 2884 confunderent,
461 2792 507 2862 ib.
537 2793 620 2882 aa,
654 2792 674 2863 t
703 2794 775 2884 bis,
807 2794 871 2884 III,
903 2793 953 2863 10
973 2801 1054 2884 post
1080 2788 1164 2858 laec
1190 2787 1231 2858 ab

161 2907 341 2979 alterutris
367 2907 605 2989 discesserunt,
633 2908 687 2980 illi
713 2909 854 3002 quidem
880 2921 920 2980 ut
940 2965 947 2980 .
970 2961 996 2996 .,
1024 2905 1232 2978 Alemander

161 3038 278 3097 autern
302 3083 310 3100 .
332 3081 365 3108 .,
393 3031 441 3099 ib.
469 3031 545 3120 inf,
573 3031 618 3118 V,
651 3030 701 3098 to
728 3052 808 3098 curn
837 3027 909 3097 illic
940 3025 1065 3095 bellurn
1095 3024 1232 3116 saepius

161 3144 254 3216 inter
295 3145 481 3217 alterutros
522 3159 742 3227 emerserant,
784 3145 884 3216 modo
925 3141 999 3224 isti,
1040 3142 1142 3212 modo
1182 3140 1221 3212 dl
1228 3140 1235 3155 '

160 3265 308 3336 uictores
334 3289 401 3337 esse
432 3265 659 3346 uidebantur,
696 3269 744 3338 16
771 3289 880 3359 neque
907 3262 1078 3334 Arimino
1106 3285 1232 3334 conue-

161 3384 293 3456 nientes
332 3385 497 3456 alterutri
556 3385 585 3478 [i
609 3396 663 3469 ter
697 3385 746 3480 se]
794 3408 985 3456 consonare
1023 3394 1230 3478 potuerunt,

162 3505 288 3596 V1,11
311 3529 392 3575 curn
411 3504 606 3586 altercarer,
634 3516 674 3576 ut
699 3504 800 3600 uulpi
821 3503 931 3576 moris
950 3515 1006 3585 est,
1028 3502 1231 3582 excitarent,

161 3625 232 3716 IX,
269 3625 318 3696 34
357 3620 519 3721 (Iapides)
557 3624 713 3719 inpeutes
748 3635 781 3694 et
811 3621 991 3694 alterutris
1017 3619 1159 3714 11119111,
1188 3623 1234 3710 V,

163 3743 214 3814 34
239 3739 414 3840 plnrlies),
435 3747 498 3836 VI,
527 3745 573 3816 29
602 3754 636 3816 et
664 3746 724 3837 30,
744 3746 819 3836 VII,
850 3749 885 3835 9,
914 3744 975 3832 16,
1004 3741 1064 3832 23,
1091 3741 1155 3829 ΙΧ,
1183 3736 1231 3809 12

164 3870 198 3932 et
224 3863 291 3954 19,
318 3865 372 3954 Χ,
402 3864 436 3955 7,
463 3867 532 3957 ΧΙ,
561 3867 607 3936 11
639 3867 710 3956 bis,
738 3865 822 3955 XII,
851 3865 873 3934 6
903 3864 981 3952 lat,
1008 3882 1042 3953 q.
1070 3864 1233 3950 uterque,

161 3983 189 4073 Ι,
218 3983 265 4054 13
293 3981 487 4054 ueultorsan
514 3983 655 4054 dierunt
681 3983 747 4054 iter
775 3993 822 4053 est
849 3981 1003 4052 locorum
1029 3975 1142 4048 medio
1162 4000 1231 4072 po-

161 4098 326 4193 sitorum,
364 4126 429 4196 pua
462 4101 601 4196 depebat
632 4103 809 4183 alteruter,
846 4105 889 4172 cf.
918 4103 1023 4193 Vulg.
1053 4099 1142 4172 Gen.
1172 4099 1233 4189 13,

162 4213 248 4316 11),
289 4264 321 4271 -
365 4225 399 4314 I,
436 4225 481 4292 11
520 4247 599 4292 crtus
634 4223 796 4293 munima
831 4219 1013 4314 dilipeutia
1052 4213 1234 4314 (monachi
1349 4260 1354 4269 ·

164 4333 345 4440 Aegyptii)
379 4365 445 4436 per
477 4341 721 4414 successionem
753 4339 954 4414 traditionis
994 4339 1260 4410 alterutrae
