3292 5346
459 517 850 586 .-109-

173 715 416 812 cunctipotens
430 713 580 790 Verbum
600 716 686 798 Da'.
724 721 775 791 cf.
796 722 993 791 multiscius
1012 725 1118 814 App,
1138 725 1248 794 omni·

175 840 315 930 peritus
342 837 412 908 ino.
441 839 530 929 eleg.
558 839 574 908 I
601 841 637 908 in
665 841 825 910 Maeoen.
854 841 939 910 110.

255 1032 479 1132 operatione:
507 1041 599 1130 Aug.
628 1045 777 1131 quaestt.
798 1040 845 1111 63
873 1038 934 1111 itta
961 1064 1048 1136 qaae
1071 1064 1138 1136 per
1159 1040 1247 1115 Va-

176 1157 261 1230 oum
280 1155 381 1248 faeta
407 1166 489 1228 eant
514 1157 697 1251 operatiaa
716 1157 886 1253 potentia.

255 1361 571 1451 oppugnantia:
617 1362 769 1451 Dionys.
810 1364 910 1454 Exig.
952 1365 1053 1455 epist.
1095 1365 1139 1434 de
1179 1370 1246 1436 rat.

175 1479 336 1572 paschae
363 1500 397 1568 p.
428 1477 500 1547 513
528 1479 575 1547 Μ.
603 1499 742 1548 omnem
768 1479 1049 1574 oppapaaatt‘am
1074 1480 1246 1552 sublatam

174 1597 255 1688 fore
281 1591 513 1666 credideram.

254 1791 415 1874 atterius
443 1799 511 1886 (ῆι
544 1801 579 1871 S.
608 1802 643 1872 S.
672 1801 786 1871 Judio.
820 1802 956 1894 16,13
990 1825 1046 1895 ap.
1080 1812 1171 1875 auat.
1201 1805 1245 1876 do

177 1919 343 2009 promise.
372 1923 407 1986 et
432 1919 602 2010 praedict.
631 1921 700 1989 Dei
726 1921 770 2010 ΙΙ,
796 1921 856 2012 22,
874 1922 923 1991 45
949 1919 981 1990 ei
1005 1919 1142 2016 altipati
1158 1921 1243 2018 fae-

175 2035 252 2106 riat
282 2033 401 2129 captat
418 2034 552 2130 ¹capitii
580 2036 651 2106 enei
677 2036 717 2107 ia
742 2037 828 2132 pato
859 2036 1005 2118 orsorio,
1039 2036 1247 2134 infirmabor

179 2157 271 2242 (elia
298 2141 419 2224 omnia¹
447 2153 581 2249 Vulg.).

254 2350 465 2436 orthodoxe:
505 2361 637 2430 Rustic.
672 2383 701 2430 o.
736 2361 870 2453 Aoeph.
899 2384 932 2453 p.
963 2361 1062 2432 1219
1089 2359 1241 2442 intende,

176 2472 311 2574 quiet)
345 2475 534 2549 orthodoae
566 2477 746 2549 habentem
780 2477 872 2550 atae
899 2479 1090 2571 [Opi-illue)
1118 2480 1243 2574 epieto-

177 2709 433 2720 ——n—-—-n

280 2878 450 2948 opitieins
470 2878 521 2948 ib.;
549 2906 578 2915 -
603 2877 732 2944 opinato
756 2877 776 2930 C
801 2877 863 2932 add.
890 2881 998 2947 „Diona
1023 2881 1035 2933 I
1059 2897 1086 2949 p.
1108 2882 1192 2951 406“;
1212 2911 1244 2922 -·

280 2965 462 3032 opinatrix
487 2967 526 3031 A3
552 2991 583 3002 -
607 2963 876 3030 opisthopraptie'a
897 2966 934 3032 Β,
959 2995 991 3004 -
1010 2967 1189 3033 approbari
1207 2965 1243 3034 Ο,

280 3075 308 3087 -
325 3057 417 3117 optas
429 3051 471 3118 Α,
485 3075 517 3086 -
529 3047 715 3114 orphanata
727 3047 822 3115 111,-
833 3048 1002 3100 *necatam
1015 3063 1040 3117 q.
1052 3051 1245 3104 orificiumib.

246 3204 292 3267 19)
312 3205 355 3256 Do
381 3205 467 3270 quia
488 3223 520 3247 =
540 3201 614 3267 quod
634 3217 655 3254 c.
675 3200 752 3255 nerb.
771 3201 851 3254 finito
869 3217 921 3270 pro
940 3202 1071 3255 sollemni
1090 3202 1245 3256 obieetiuae

177 3288 224 3341 nel
251 3275 382 3356 obliqiiae
409 3287 611 3340 enuntiationis
637 3285 719 3339 modo
745 3287 885 3340 infinitiuo
911 3289 980 3352 (aaa.
999 3304 1020 3340 e.
1039 3288 1103 3352 int.)
1127 3302 1179 3340 usn
1200 3288 1245 3340 uel

177 3373 277 3441 abusu,
293 3378 448 3442 peruagato
462 3375 491 3424 in
505 3373 660 3424 recentiore
673 3387 705 3422 ao
718 3371 831 3440 uulgari
845 3372 1004 3442 Latinitate,
1018 3375 1050 3426 cf.
1065 3373 1246 3425 Buenemann

177 3459 212 3510 ad
237 3458 357 3511 Laetant.
383 3475 410 3527 p.
428 3459 487 3524 826,
512 3456 623 3510 Ritneoh
644 3456 712 3509 ltala
736 3472 762 3524 p.
780 3457 840 3526 402,
866 3460 914 3525 qai
934 3458 1130 3526 exemplorum
1149 3473 1163 3510 e
1182 3458 1244 3510 lati-

179 3544 224 3594 nis
243 3543 271 3596 S.
290 3543 316 3596 S.
336 3542 515 3595 uersionibus
535 3543 642 3608 copiam
662 3543 803 3609 proponit.
841 3541 955 3610 Addidi,
975 3557 1044 3609 quoe
1064 3544 1245 3612 inpromptu

178 3627 331 3695 habebam,
358 3629 544 3696 scriptorum,
571 3627 723 3678 maximam
743 3633 851 3692 partem
872 3627 1136 3695 ecelesiasticorum,
1159 3629 1245 3695 loeoe,

181 3714 255 3766 serie
275 3712 420 3780 temporie,
440 3716 575 3780 quantum
594 3710 728 3778 liquebat,
748 3717 874 3763 seruata:
904 3711 1063 3763 Tertull.
1092 3711 1134 3764 De
1153 3714 1247 3764 anima

178 3803 194 3852 5
215 3796 316 3865 ‘creda
340 3799 407 3866 quia
425 3798 570 3850 mendacio
590 3797 717 3864 possunt’
737 3796 787 3858 (eo.
808 3797 915 3847 animae
935 3796 968 3848 ab
987 3795 1087 3848 inferio
1108 3800 1245 3865 mouere),

180 3884 218 3934 id.
234 3883 316 3948 „idat
331 3885 373 3948 20,
393 3884 456 3935 adn.
476 3881 598 3936 Judaeoe
617 3882 642 3950 9,
662 3881 724 3932 adu.
749 3880 881 3934 Marcion.
900 3880 948 3948 lv,
967 3881 1010 3948 10,
1029 3895 1150 3948 praescr.
1170 3881 1246 3936 haer.

179 3969 223 4034 4“,
244 3967 416 4036 cyprian.
435 3968 498 4022 hab.
517 3970 591 4036 uirg.
610 3968 643 4020 15
662 3967 836 4034 *ηεεοίεηίεε,
856 3967 922 4032 quia
941 3981 1011 4034 opus
1030 3966 1084 4018 Dei
1103 3972 1146 4019 eet
1164 3982 1246 4019 omne

180 4054 255 4119 qnod
273 4055 405 4106 nascitur'
419 4057 447 4105 et
464 4068 539 4121 saep.
557 4053 628 4117 (aid.
642 4052 698 4104 ind.
712 4050 789 4104 norb.
808 4053 838 4103 in
857 4051 923 4105 odit.
937 4051 1032 4103 Hartel
1052 4067 1073 4105 e.
1087 4055 1138 4119 a),
1158 4053 1244 4106 Lao·

180 4141 268 4192 tant.
286 4139 353 4193 Inet.
367 4139 414 4206 Vl,
433 4139 476 4206 22,
494 4139 510 4190 3
529 4137 574 4203 al„
594 4137 803 4204 Hieronym.
822 4138 906 4206 intpr.
921 4134 999 4203 Orig.
1011 4138 1040 4188 in
1059 4137 1156 4191 Eneoh.
1171 4137 1245 4192 hom.

180 4225 206 4289 5,
225 4224 240 4274 2
260 4225 295 4288 (o.
315 4225 422 4288 coni.)
441 4222 583 4276 ‘debemus
602 4237 694 4290 noane,
714 4223 781 4289 quia
798 4236 854 4274 non
868 4223 1135 4290 statim,11bisamee
1150 4224 1245 4292 tuerit,

181 4313 315 4376 sequatur
334 4314 362 4360 et
381 4309 475 4375 more,
495 4308 532 4362 ib.
550 4309 566 4360 4
586 4307 662 4374 ‘qnid
682 4307 751 4360 mihi
770 4308 895 4376 prodest,
920 4310 986 4374 quia
1004 4309 1140 4362 honorem
1159 4311 1244 4362 maio·
