3292 5346
576 515 818 585 ..69-

241 710 458 811 homonyme:
497 716 628 789 Julian.
662 739 718 809 ep.
746 719 838 810 Aug.
872 740 902 789 c.
938 740 1009 791 sec.
1037 740 1131 815 resp.
1159 723 1228 792 Jul.

147 838 185 930 Ι,
215 837 266 909 48
292 835 418 908 ammos
444 835 650 933 homonyme
676 836 851 932 usurpari
874 861 1002 909 momen
1020 839 1081 910 hoo
1106 841 1228 932 (deus)

147 979 273 1050 posse:
306 966 398 1026 ‘aaut
423 955 550 1052 quiyepo
576 955 629 1027 dio·
652 955 757 1028 multi
783 1011 791 1029 .
821 1011 841 1038 .,
870 956 966 1029 nohis
992 969 1109 1030 tamea
1136 983 1230 1030 eoae

156 1086 213 1145 eet
238 1071 352 1145 Deos'
381 1078 413 1163 (Ι
441 1077 523 1149 Cor.
552 1079 588 1170 8,
617 1077 669 1164 5).

237 1264 588 1336 Homuncionita:
617 1265 705 1334 Mer.
726 1265 835 1334 Marc.
856 1267 1002 1358 Blasph.
1022 1267 1162 1339 Nestor.
1191 1289 1226 1357 p.

155 1386 235 1456 929
262 1385 383 1474 Migne
410 1379 609 1452 Pherinum
639 1381 694 1474 (ut
725 1387 785 1476 qui
811 1386 933 1454 Jesum
959 1386 1047 1455 nihil
1077 1385 1228 1476 amplius

153 1507 269 1575 fuisse
306 1524 413 1596 quem
449 1502 631 1574 hominem
663 1501 858 1595 putauerit)
890 1499 1061 1573 Romano
1093 1501 1229 1573 ecclesio

155 1631 192 1692 et
209 1619 402 1715 particulare
419 1618 623 1692 huiusmodi
630 1619 825 1714 prauitatis
841 1617 1144 1694 Homoaciooa'tos
1161 1645 1226 1693 ao-

154 1739 274 1811 mioot
308 1741 444 1836 (plures
475 1741 574 1811 locos
599 1741 737 1813 De-Vit
770 1741 884 1834 addit,
916 1743 1102 1834 Philastri,
1134 1745 1226 1836 Aug.

154 1862 272 1952 haer,
297 1866 388 1930 auct.
407 1859 699 1945 Praedestineti).
745 1861 798 1933 Of.
819 1864 1018 1954 concellita,
1036 1865 1227 1934 Donatista

156 1978 272 2072 (quod
298 1980 504 2070 figmentum
530 1979 806 2072 reprehendenti
831 1980 1023 2052 Cresconio
1051 2003 1227 2072 gramme-

155 2102 227 2170 tico
255 2101 473 2189 Augustinus
502 2098 666 2170 concedit
693 2099 825 2170 Contra
855 2100 1022 2172 Crescon.
1050 2100 1094 2190 ΙΙ,
1122 2099 1158 2190 1,
1187 2097 1226 2189 2)

157 2224 192 2288 et
221 2219 309 2288 talia
334 2218 367 2289 A
394 2241 430 2288 n.
459 2219 493 2288 8.

233 2405 573 2478 honorabilitas:
601 2405 760 2476 Facund.
785 2403 919 2477 defens.
943 2407 1005 2500 Ν,
1034 2408 1054 2478 2
1075 2418 1136 2478 too
1162 2409 1224 2482 ho-

156 2521 362 2594 aoroho'h'tos
381 2535 540 2594 nostram
567 2523 791 2618 cmiyaitotom
810 2537 933 2619 potem
951 2523 996 2615 1θ)
1023 2527 1137 2623 magiis
1163 2529 1226 2600 dos

155 2667 266 2738 qoem
291 2665 410 2713 ramos.

233 2823 457 2908 humerosus:
499 2827 632 2925 [surg]
669 2853 773 2902 serm.
812 2831 834 2902 9
869 2831 1056 2903 eosiooaoo
1090 2832 1131 2904 oe
1165 2834 1206 2905 itt

257 3168 461 3232 homonymos
479 3165 533 3217 edi.
552 3163 599 3231 ib,
619 3162 680 3216 add.
701 3159 803 3227 „Prisc
821 3163 883 3232 XV,
903 3165 928 3231 6,
948 3164 1014 3234 38“;
1034 3192 1064 3204 -
1085 3165 1225 3219 homou-

257 3251 470 3320 eioniste133
495 3279 528 3290 -
546 3249 711 3300 hortatioo
729 3249 770 3318 A,
796 3278 828 3288 -
855 3249 1033 3318 *hospitato
1051 3266 1073 3304 s.
1091 3251 1143 3320 ib.,
1163 3251 1226 3306 odd.

259 3336 361 3405 „gloss
379 3336 548 3402 κατάλυμα“;
577 3363 608 3373 -
635 3339 780 3387 humecto
798 3351 820 3388 s.
838 3336 891 3404 ih.;
917 3363 948 3375 -
968 3336 1152 3391 humidare
1170 3337 1224 3408 ib.;

257 3421 486 3490 -humigere
504 3421 557 3490 in,
578 3447 608 3461 -·
626 3423 723 3488 hydri
740 3422 792 3490 ib.;
812 3451 844 3462 —
863 3423 1022 3493 ’hydrope
1039 3425 1120 3479 trusi.
1135 3425 1173 3496 B,
1192 3453 1225 3465 ·-

258 3506 400 3574 hylicus
420 3508 455 3577 A,
474 3507 536 3563 edd.
558 3508 619 3576 „el.,
632 3509 717 3576 intpr.
732 3507 804 3560 Iren.
818 3507 839 3574 Ι,
854 3511 879 3578 5,
899 3509 939 3564 2“.

224 3644 276 3710 16)
295 3644 420 3697 Petere
445 3660 466 3698 c.
487 3659 541 3699 ecc.
560 3659 634 3712 pers.
654 3657 679 3710 q.
697 3659 800 3712 rogere
818 3646 940 3714 aliquem
959 3649 1016 3699 iem
1034 3649 1141 3716 scriptt.
1160 3647 1226 3702 hist.

157 3731 249 3798 Acg.,
270 3735 301 3782 ut
320 3731 431 3798 Lampr.
451 3730 533 3784 Alex.
552 3730 568 3781 3
587 3744 632 3784 ex.
652 3727 788 3796 ‘eosque
805 3731 961 3800 petebat,
981 3735 1013 3784 ut
1031 3770 1037 3784 .
1056 3769 1063 3784 .
1081 3734 1110 3783 in
1128 3731 1226 3783 literas

156 3815 320 3881 mitterent,
341 3815 432 3884 Capit.
448 3817 592 3869 Maximin.
612 3814 636 3884 2,
655 3816 671 3868 ὅ
691 3813 900 3883 ‘imperatorem
918 3815 1029 3887 publice
1042 3819 1122 3886 petit,
1136 3820 1185 3869 ut.
1200 3816 1226 3882 .',

155 3899 195 3951 id.
215 3899 322 3952 Pertin.
340 3901 372 3966 3,
392 3905 426 3968 5,
442 3902 537 3968 sicque
556 3900 653 3955 Claud.
672 3901 753 3953 hiem.
772 3915 816 3955 en.
834 3901 857 3970 I,
876 3903 901 3970 3,
920 3903 936 3955 9
955 3902 1025 3970 ‘ipse
1044 3917 1073 3955 se
1093 3901 1225 3969 quodem·

157 3985 242 4038 modo
268 3987 353 4053 petit,
384 3988 445 4054 ipse
472 4001 502 4039 ae
521 4025 527 4040 .
547 4026 554 4040 .
577 4002 629 4055 pro
655 3985 736 4039 nobis
754 3986 898 4056 'exandit',
929 3985 1011 4056 Greg.
1035 3987 1140 4041 Turon.
1159 3987 1226 4042 hiet.

156 4069 256 4123 Frenc.
276 4070 323 4135 lV,
345 4073 376 4125 15
396 4073 559 4139 ‘petiuimus
578 4087 656 4142 eum,
681 4073 729 4124 sed
754 4071 847 4125 noluit
865 4075 982 4143 uenire’,
1000 4075 1054 4142 IX,
1082 4075 1116 4126 40
1135 4072 1227 4143 ‘petiit

156 4156 257 4222 regine
276 4158 449 4226 episcopum,
468 4163 500 4210 ut
518 4199 523 4210 .
543 4159 577 4227 .';
596 4158 633 4210 ch·
649 4171 765 4226 poscere
784 4158 907 4227 aliquem
926 4175 949 4214 e.
969 4175 990 4213 c.
1009 4160 1066 4214 sid.
1086 4173 1129 4229 ep.
1150 4157 1225 4225 VlIl,

158 4242 173 4292 7
188 4240 290 4294 ‘Deum
308 4257 403 4310 posco,
422 4248 453 4295 ut
468 4247 498 4294 te
517 4243 569 4296 filii
582 4245 806 4311 consequantur’,
827 4245 986 4315 supplicare
1005 4246 1127 4312 aliquem
1142 4245 1224 4312 Greg.

157 4324 223 4378 hiet,
243 4327 340 4380 Franc.
358 4328 405 4394 IV,
426 4331 441 4382 5
461 4328 627 4392 (Dominum
646 4345 697 4399 pro
717 4330 845 4401 populo).
878 4382 881 4388 ,
