3292 5346
803 469 1052 538 ...90-

395 670 521 766 synod.
554 691 590 764 p.
622 669 672 740 13
704 673 729 739 t
759 665 806 739 67
846 661 973 762 iiiam
1002 663 1151 762 epistolis
1178 719 1186 738 .
1216 720 1224 739 .
1259 688 1480 740 remensum

392 785 554 886 eruduit
580 840 590 860 .
618 840 628 860 .
654 795 776 858 unna
800 783 954 883 modus
981 841 990 858 .
1019 839 1028 858 .
1055 784 1151 858 uelut
1175 793 1263 857 reete
1287 785 1478 882 interpre-

395 907 612 1001 tabiliterque
636 904 839 1002 conserentis
866 906 953 994 (edi.
981 905 1095 991 Tort.)

472 1123 752 1222 intermoritur:
797 1130 889 1221 Aug.
930 1129 966 1198 in
1009 1127 1077 1199 Joo
1118 1125 1168 1199 34
1205 1105 1480 1221 issa-roenna»

394 1244 718 1342 pronuntiandum.

474 1442 688 1528 tutudisse:
729 1453 820 1540 Aug.
854 1448 930 1521 ord.
957 1424 1061 1539 1,'19
1081 1455 1162 1541 pest
1188 1444 1250 1517 dae
1278 1442 1479 1518 intersiluit

397 1567 541 1641 modica.

476 1762 727 1847 interitddtte:
767 1771 858 1862 Aug.
888 1769 931 1838 ds
959 1769 1035 1838 ord.
1063 1769 1091 1860 Ι,
1119 1767 1140 1838 7
1158 1763 1254 1862 solia
1281 1768 1474 1860 (decidua)

401 1945 410 1964 .
439 1944 447 1963 .
474 1886 647 1984 anqustiis
674 1885 809 1958 canaiis
833 1883 1038 1960 intertrusa.

477 2102 734 2187 tuturusttstto:
768 2109 866 2182 Oosl.
894 2109 982 2179 Aur.
1011 2110 1127 2200 signif.
1162 2109 1267 2210 diest.
1294 2128 1391 2200 pass.
1419 2108 1473 2178 42

400 2250 480 2298 eune
498 2225 633 2298 uentris
654 2225 765 2298 nimio
781 2226 902 2323 fluxu,
923 2249 988 2320 quo
1014 2226 1143 2297 humor
1160 2250 1343 2321 spumosus
1368 2235 1477 2320 utque

400 2345 545 2416 inter.
574 2396 582 2415 .
603 2343 787 2439 frequenti
809 2343 1094 2417 interuaiiatione
1111 2344 1301 2440 synedriur,
1330 2342 1475 2415 uirium

401 2461 604 2535 eoncedente
618 2463 808 2536 substantia
822 2488 900 2534 euni
914 2463 1150 2534 inenodrorurn
1158 2462 1299 2560 sriae'do
1316 2473 1472 2558 torpore,

401 2585 449 2655 ib.
477 2585 538 2656 45.

453 2777 703 2863 intitubabili&
732 2785 894 2859 Cassiod.
920 2789 957 2857 in
983 2807 1036 2878 ps.
1067 2786 1152 2879 134,
1181 2783 1283 2880 2qui
1300 2807 1472 2878 perseue-

400 2903 502 2978 ranti
530 2916 561 2976 et
591 2902 801 2977 intitubabili
829 2903 1008 2976 uoluntate
1038 2902 1078 2975 in
1104 2901 1223 2999 Ipsius
1249 2913 1369 2976 saneta
1396 2926 1475 2973 ere-

402 3023 546 3096 dealitate
558 3023 597 3117 1⁷)
626 3022 821 3105 consistitis,
862 3027 899 3094 iu
931 3024 1007 3094 120
1038 3047 1067 3096 s.
1099 3027 1124 3096 f.
1164 3023 1372 3120 (titubabilis
1398 3046 1474 3094 non

402 3137 633 3240 agnoscitur).

438 3472 445 3489 ’
503 3492 1108 3567 interseptio&-“interuent0rA3
1128 3524 1160 3536 -
1177 3497 1474 3553 intraeoeiestisib.

470 3647 518 3715 17)
536 3647 733 3702 credulitas
757 3664 813 3703 non
838 3654 881 3702 est
898 3650 956 3719 hio,
985 3654 1017 3702 ut
1044 3650 1118 3719 apud
1141 3654 1209 3704 uett.
1236 3652 1312 3720 iere,
1340 3649 1473 3704 credendi

403 3733 539 3802 quasdam
558 3735 695 3804 facilitas,
720 3735 783 3804 sed,
803 3735 883 3802 qussi
902 3736 965 3802 quis
984 3735 1058 3786 diost
1075 3735 1232 3798 credentis,
1251 3750 1350 3802 synon.
1370 3737 1471 3804 pistas,

402 3819 486 3887 fides,
514 3825 546 3873 ut
572 3821 642 3888 freq.
662 3834 707 3888 sp.
725 3822 942 3888 ecclesiasticos,
970 3820 1018 3872 sed
1046 3822 1217 3889 posteriores
1245 3822 1314 3886 (nou
1341 3819 1472 3885 Tertull„

404 3903 513 3972 cypr),
532 3919 556 3956 s.
575 3920 597 3956 o.
616 3904 730 3957 Hieron.
743 3906 828 3974 intpr.
843 3904 921 3974 Orig.
939 3905 969 3957 in
988 3904 1085 3959 Erech.
1099 3904 1173 3960 hom.
1192 3910 1217 3975 5,
1236 3906 1252 3958 3
1273 3905 1370 3958 ‘multo
1389 3903 1472 3957 nobis

404 3987 503 4041 utilius
523 3990 625 4057 iuerat,
648 3989 745 4044 diuino
764 4005 820 4043 non
839 3989 991 4044 credidisse
1010 3991 1142 4056 sermoni,
1166 4005 1250 4058 quum
1268 3994 1332 4058 post
1351 3988 1470 4042 creduli·

403 4076 489 4126 tutem
504 4072 595 4126 sdhuo
606 4089 719 4128 rursum
738 4074 898 4144 supensus
917 4077 1057 4142 conuerti,
1082 4091 1154 4144 quse
1172 4079 1237 4127 ants
1259 4073 1471 4138 commisimus,

404 4157 441 4211 ib.
461 4157 507 4227 12,
526 4158 558 4225 1,
577 4158 652 4212 Pstr.
671 4158 800 4228 chrysol.
818 4175 902 4214 serm.
919 4161 954 4214 60
972 4160 1073 4215 ‘sermo
1093 4165 1168 4214 orest
1188 4159 1331 4227 auditum,
1357 4158 1472 4211 auditus

406 4243 527 4312 concipit
545 4245 637 4313 fidem,
657 4244 851 4298 eredulitatem
868 4247 991 4314 parturit
1002 4246 1079 4310 fides,
1094 4246 1299 4299 confessionem
1318 4241 1472 4297 credulitas
