3292 5346
578 493 832 565 ...39-

247 697 528 788 integulatus:
569 699 660 790 Aug.
687 700 804 792 inps.
833 699 919 791 128,
945 699 990 771 11
1020 699 1125 772 berle
1151 724 1239 797 qnae

153 811 335 886 nascitur
354 811 395 886 in
421 813 524 896 tenu,
552 812 593 887 in
617 813 744 888 solerie
769 815 969 912 intepulttc.

247 1027 456 1113 interlitus:
497 1038 589 1126 Aug.
617 1057 645 1106 c.
678 1039 862 1109 Fortunat.
891 1038 926 1129 1,
955 1037 976 1107 3
1004 1034 1096 1131 qnod
1119 1035 1237 1108 ineer-

154 1152 345 1251 rnptililis
378 1153 422 1226 sit
457 1151 575 1232 Dens,
605 1207 613 1226 .
643 1208 651 1224 .
684 1153 776 1250 quod
807 1152 1002 1236 inadibilis,
1037 1153 1236 1237 intenibilis,

158 1272 405 1370 impassibilis.
459 1274 541 1345 Alia
578 1275 615 1344 in
642 1275 736 1346 -bilis
764 1277 1023 1367 Augustiniane
1062 1281 1143 1346 sunt
1174 1279 1236 1346 int.

158 1399 250 1466 cett.
286 1394 488 1465 amissibilis
523 1393 646 1477 (etiem
678 1394 746 1464 lul.
782 1416 838 1485 ap.
867 1396 957 1484 Aug.
987 1415 1017 1463 c.
1045 1415 1114 1464 see.
1143 1417 1237 1487 resp.

158 1515 239 1584 Jul.
264 1514 327 1604 VI,
354 1512 435 1604 181,
463 1512 671 1602 copulabilis
698 1514 789 1583 Mus.
817 1512 861 1603 11,
890 1510 1038 1603 26,Ι11,
1067 1511 1115 1585 32
1143 1511 1236 1583 ‘curn

159 1633 238 1702 sibi
267 1631 479 1723 copulantur
505 1634 565 1720 qui
582 1631 674 1700 inter
692 1651 730 1701 ee
750 1637 832 1701 sunt
858 1631 1076 1722 copulabiles
1103 1631 1237 1724 pedes',

159 1750 474 1844 imperturbabilis
500 1746 598 1819 Trin.
628 1750 690 1840 ΙΧ,
719 1749 830 1840 6,11
859 1749 904 1819 al.
933 1745 1093 1842 (Oros),
1119 1753 1239 1820 incon-

160 1869 349 1940 uersibilis
375 1871 476 1960 gestt.
502 1867 625 1957 Peleg.
653 1869 688 1958 6,
719 1867 767 1938 20
794 1868 1127 1958 al.,ineuu1sibilis,
1154 1871 1239 1939 irre-

161 1987 379 2080 gressibilis,
406 1985 686 2056 irretractabilis.

249 2196 500 2280 trs-tententur:
527 2206 596 2274 inc.
626 2208 717 2272 auct.
747 2205 834 2289 (sec.
849 2201 899 2293 V)
926 2203 970 2274 de
997 2211 1113 2275 uocat.
1142 2227 1236 2276 omn.

164 2325 330 2420 gentium
364 2323 414 2413 11,
450 2323 498 2394 35
532 2319 709 2394 neminem
745 2317 821 2392 Dei
850 2319 970 2416 gratie
1004 2319 1239 2439 intentabilem

162 2441 267 2531 feeit,
296 2443 402 2532 gloss.

247 2647 648 2716 interannuntiere:
676 2646 831 2716 Liberat.
856 2647 1010 2715 breniae.
1041 2645 1063 2715 6
1083 2668 1154 2738 per
1180 2643 1238 2715 in-

164 2761 498 2835 terannuntiantem
516 2761 705 2834 diaconum
722 2762 789 2834 tnle
802 2771 1011 2858 acceperunt
1023 2785 1238 2858 responsum.

247 2959 469 3061 interdictus,
497 2989 554 3036 us:
588 2967 655 3036 lul.
685 2989 742 3058 ep.
770 2969 861 3057 Aug.
891 2986 920 3035 c.
949 2986 1019 3035 sec.
1048 2986 1141 3058 resp.
1170 2966 1238 3036 Jul.

170 3088 234 3179 VI,
266 3087 313 3158 20
343 3084 383 3183 (e.
413 3110 447 3157 u.
475 3077 687 3178 pomulum).

248 3279 502 3364 intelletiurle:
538 3290 629 3378 Aug.
659 3307 688 3355 c.
717 3288 817 3378 epist.
845 3287 1012 3359 Parmen.
1040 3288 1099 3379 111,
1129 3288 1242 3380 2,14

167 3430 244 3478 nen
262 3403 495 3490 interfectorie
515 3403 724 3503 perentitur,
752 3403 812 3476 secl
827 3404 1082 3478 medicinaliter
1100 3405 1241 3492 uritur,-

170 3537 217 3580 -'-
248 3525 330 3596 edi.
360 3527 482 3597 Ambr.
512 3528 602 3617 Aug.
632 3525 713 3595 isid.
1190 3516 1196 3530 ⁸

249 3727 662 3820 interpretabiliter:
702 3727 854 3815 Dionys.
873 3727 975 3816 Exig.
996 3723 1119 3816 Cyrill.
1139 3730 1239 3818 epist.

173 3961 429 3973 -μ-ι--υ

276 4127 530 4180 intellectuare
549 4127 574 4179 A
594 4130 621 4178 et
642 4125 726 4178 Beitr.
745 4124 800 4193 1113
825 4153 857 4162 —
881 4124 1179 4192 intelligentialis
1200 4123 1240 4190 A3

237 4253 243 4286 3
277 4241 308 4251 -
327 4213 667 4281 intelligentialitas
686 4211 727 4281 Δ,
746 4239 778 4250 -
796 4209 1128 4279 intelligentitesib.
1146 4225 1173 4278 p.
1192 4209 1240 4276 263

276 4327 307 4337 -—
326 4298 555 4351 intenebrare
575 4298 867 4367 A3—lntentlosne
884 4297 972 4366 A3-
988 4296 1192 4349 interficies
1207 4295 1239 4346 A.
