3326 5332
532 539 812 610 -231-

225 738 469 802 Vocabulorum
492 739 562 801 siue
593 739 786 804 iuueniores
814 741 885 804 eiua
914 745 1123 808 attestatores
1153 747 1207 810 uel

133 842 200 905 6611
227 842 281 904 661
309 842 366 917 (ad
396 845 472 915 666)
500 841 617 924 primi:
649 841 714 905 uid.
746 841 926 928 Adaman.,
957 845 1064 911 Amm.
1093 847 1207 928 Mara,

135 943 296 1024 Anthim,
313 942 498 1026 Angustia,
516 939 676 1025 cassiod,
693 941 853 1028 chalcia,
870 944 949 1029 cie,
962 945 1077 1012 Claud.
1094 949 1206 1030 Mam,

135 1043 286 1130 Coripp,
301 1047 402 1110 Firm.
418 1067 474 1127 m.,
498 1046 601 1125 Hier,
623 1044 732 1129 Lucu,
755 1049 855 1112 Marc.
872 1049 981 1133 Emp,
998 1051 1095 1133 Ptin,
1118 1051 1207 1116 Plin.

136 1149 224 1231 Val,
255 1147 408 1230 [Rufin.],
432 1147 570 1230 Seneca,
594 1146 709 1232 solia,
733 1151 860 1214 Thecd.
883 1151 1046 1228 Priscae.

137 1369 393 1380 ..-.---..-—----

204 1521 254 1584 84)
280 1518 390 1572 Adiicic
409 1518 613 1586 peculiaria
637 1519 787 1587 quaedam:
820 1520 963 1572 Aurelii
991 1520 1151 1576 Victoris
1178 1524 1207 1576 in

140 1603 312 1658 antaribus
331 1604 374 1669 (iu
393 1605 485 1670 66616,
514 1618 586 1670 quae
610 1610 676 1660 sunt
699 1621 736 1658 ex
753 1605 828 1674 Epit.
848 1605 882 1656 de
901 1604 1009 1670 ans.):
1037 1606 1207 1678 'coniectum

138 1707 157 1744 u
183 1690 343 1759 (progressi
370 1690 496 1742 66616616
523 1689 666 1759 longius),
694 1690 903 1755 (‘ccuuersatio
928 1704 981 1762 666
1008 1695 1156 1746 666666616
1182 1707 1208 1761 q.

140 1776 323 1830 commutatio
342 1789 385 1841 ep.
404 1776 446 1840 18,
465 1775 494 1827 3:
523 1774 558 1826 ad
577 1762 716 1827 humanae
734 1777 958 1829 conuersationis
977 1778 1139 1846 exemplum
1157 1787 1209 1846 pe'r

137 1862 245 1914 laboris
270 1874 374 1928 genera
403 1863 537 1914 uniuersa
564 1859 600 1911 ad
631 1875 740 1912 summa
763 1863 942 1928 prouectus),
972 1860 1113 1914 ‘deficere
1132 1864 1208 1928 12,2

141 1945 225 2015 ‘apud
244 1945 402 2011 Sequanos,
422 1959 477 2012 quc
497 1945 610 2012 tyranni
630 1944 731 1996 defecit
749 1946 834 1997 metu'
853 1944 992 2010 (Nerua),
1012 1945 1127 2013 (dictus,
1147 1949 1206 2014 us),

138 2031 315 2084 'enuntiatio
335 2044 360 2096 q.
380 2030 502 2099 proditio
524 2029 569 2096 Α“,
589 2028 738 2096 imperilia,
757 2029 783 2092 (⁴
792 2029 926 2082 iocularis
944 2045 966 2082 6.
979 2044 1022 2097 ep.
1037 2031 1062 2098 2,
1076 2033 1116 2098 2),
1136 2030 1208 2084 liber

139 2116 227 2170 subet.
252 2116 324 2183 sing.
349 2129 375 2181 q.
399 2114 474 2167 filius
498 2115 540 2181 26,
564 2115 582 2167 4
607 2113 698 2166 ‘liberi
724 2127 836 2180 queque
862 2115 970 2167 exitum
996 2115 1208 2168 denuntiauere’

139 2203 197 2270 (ep.
220 2201 264 2266 12,
288 2201 317 2253 9:
343 2199 389 2252 hic
411 2199 566 2252 Traianum
584 2200 614 2250 in
637 2198 720 2251 liberi
744 2199 837 2251 locum
862 2240 893 2253 ..
914 2201 1087 2268 coaptauit),
1113 2193 1208 2266 Quint.

140 2286 208 2340 decl.
224 2284 253 2339 O.
266 2284 338 2338 Just.
358 2287 406 2349 (61.
419 2285 542 2338 Dirlrsen
555 2284 652 2352 Mau),
673 2284 747 2349 (luca
766 2283 840 2353 plur.
853 2299 896 2352 ep.
910 2285 952 2351 16,
965 2285 982 2336 3
995 2284 1066 2338 ‘lues
1084 2285 1208 2352 crebrae,

139 2371 241 2436 Prud,
266 2372 299 2423 61.
323 2370 401 2424 11666
424 2369 563 2423 Formenl.
588 2370 610 2437 I,
630 2385 657 2437 p.
679 2369 758 2434 438),
787 2369 951 2422 occultatius
981 2370 1059 2439 adu,
1092 2373 1209 2440 paritor,

138 2457 275 2525 'patrare
293 2456 340 2524 39,
360 2457 392 2508 19
418 2456 522 2522 ι661616
546 2455 640 2506 emnia
660 2453 739 2508 breui
757 2457 929 2522 patrauerat’
949 2457 989 2524 (p.
1009 2471 1105 2525 pacem
1124 2456 1208 2524 Lim),

139 2541 293 2610 pereniter,
307 2541 570 2612 performidolosae,
586 2539 856 2608 (perpendiculater,
875 2540 1023 2610 'palentia
1037 2541 1085 2608 A),
1105 2540 1208 2610 *prae-

138 2628 193 2678 1661
214 2641 238 2692 q.
262 2627 369 2694 profari
388 2627 459 2692 29,5
480 2623 552 2677 ‘cunr
571 2622 675 2677 milites
694 2624 729 2676 ad
747 2625 894 2680 solandum
907 2627 1108 2695 imperatorem
1121 2627 1211 2678 multa

138 2713 356 2780 praefarentur,
376 2711 418 2771 26,
436 2710 463 2778 4,
483 2709 709 2777 (quadriennis),
727 2712 890 2776 reductare,
910 2712 1111 2779 semiagrestis,
1130 2727 1208 2778 6666,

139 2797 218 2864 ouis3
239 2825 265 2834 -»
290 2795 395 2848 Sexti
419 2795 501 2847 Ruti
525 2795 660 2858 (breuiar.
679 2810 734 2849 rer.
753 2801 823 2863 gest.
848 2810 914 2862 pop.
932 2795 1040 2858 Roml:
1068 2795 1208 2848 'admira-

138 2883 180 2934 116
206 2897 258 2950 666
284 2879 488 2932 admirabilitas
513 2895 538 2946 q.
557 2879 633 2946 laus,
659 2881 750 2933 uirtus
771 2882 803 2932 17
827 2879 934 2932 ‘contra
958 2879 1057 2932 Persas
1081 2883 1124 2932 ter
1148 2895 1209 2934 cum

138 2981 250 3018 summa
267 2965 339 3018 adm.
360 2965 512 3034 conflixit',
538 2965 571 3016 cf.
591 2965 634 3032 25,
654 2966 727 3033 App.
746 2964 825 3016 herb.
844 2965 869 3033 4,
888 2965 914 3026 6,
936 2964 1158 3017 06661661166616
1183 2968 1211 3016 61

139 3051 289 3104 1166666616
308 3052 341 3104 27
358 3067 449 3102 aarum
468 3049 613 3117 Siupnrmu
638 3051 687 3114 (sc.
708 3051 835 3118 pugna),
858 3057 990 3116 praesente
1010 3048 1166 3108 Constantio,
1189 3057 1212 3100 et

137 3136 231 3186 aarum
249 3135 410 3202 Sinuessae,
442 3135 622 3186 Constantiacas·
644 3151 742 3202 quoque
766 3135 807 3198 (ll.
833 3150 856 3188 a.
880 3136 909 3186 iu
933 3149 989 3202 qua
1011 3136 1075 3202 ipsa
1099 3147 1210 3202 quoque

140 3221 325 3274 Constantius
344 3237 478 3291 praesens
492 3221 562 3289 fuit3
581 3250 613 3259 -
634 3221 667 3272 de
686 3234 798 3288 quoque
811 3221 844 3274 61.
864 3236 885 3274 6.
904 3225 929 3290 5,
944 3221 1035 3288 Spart.
1051 3220 1114 3275 Seu.
1128 3221 1171 3288 16,
1185 3220 1210 3286 2,

140 3307 213 3360 Vici.
233 3304 311 3360 ans.
329 3307 372 3375 33,
392 3308 434 3374 24,
454 3307 520 3377 6611.
540 3307 565 3374 1,
585 3307 618 3360 26
637 3345 675 3374 ..,
694 3307 792 3374 Reisig
810 3321 928 3374 gramm.
946 3306 1021 3373 lat.§
1040 3307 1124 3361 2466.
1144 3320 1209 3359 aun.

138 3392 265 3458 Haaeii),
292 3400 314 3444 et
338 3409 394 3444 canc
417 3392 514 3444 Amida
539 3400 615 3460 66616
639 3401 684 3452 cat,
706 3409 789 3459 praue
813 3395 858 3444 sub
882 3409 909 3444 eo
932 3393 1046 3460 praecipe
1069 3392 1212 3460 respublica

138 3478 236 3530 eubaea
257 3478 363 3546 accepit,
393 3477 430 3530 ib.
454 3479 504 3532 161.
530 3477 673 3532 ‘Narsensi
698 3478 787 3545 belle,
811 3477 860 3530 ubi
884 3479 1008 3531 Narseus
1033 3475 1211 3548 66611111,-

139 3563 296 3632 Ampelii
325 3563 388 3628 (lib.
415 3565 561 3626 memor.):
590 3563 707 3616 Asiacus
738 3562 779 3626 18,
808 3563 841 3614 18
869 3562 997 3615 ‘Asiacae
1025 3563 1210 3632 prouinciae',

138 3651 182 3718 47,
202 3653 217 3703 6
236 3650 372 3718 (gentes),
393 3647 565 3714 bullescere,
583 3648 693 3715 *figere
712 3660 809 3715 pacem
828 3662 890 3698 eum
909 3662 964 3713 quo
982 3647 1026 3713 39,
1047 3649 1061 3699 1
1080 3648 1114 3709 (f.
1132 3646 1211 3712 leges

142 3734 224 3805 Oia),
243 3734 458 3786 'incommodus
476 3749 528 3802 pro
548 3732 641 3784 -datus
660 3731 676 3783 2
697 3731 833 3784 ‘carcinus
852 3770 859 3784 .
878 3770 884 3782 .
903 3731 1153 3784 incommodiorem
1171 3731 1211 3781 fa-

141 3819 231 3873 ciebat
249 3835 312 3872 eum
332 3819 508 3885 (Herculem)
528 3833 611 3886 quam
629 3819 692 3886 ipsa
710 3817 832 3869 excetra’
852 3817 900 3882 (cl.
919 3816 970 3868 ΗΑ
990 3833 1017 3884 6.
1036 3818 1092 3882 15),
1111 3821 1212 3884 perpo-

140 3907 189 3957 tiri
213 3906 254 3974 18,
273 3906 316 3973 16,
336 3904 365 3958 O.
383 3905 455 3958 1661.
480 3905 528 3970 (cf.
553 3905 724 3974 per-fractus
748 3903 791 3966 30,
816 3903 840 3970 1,
866 3901 1088 3971 perdomuitaa,
1108 3903 1133 3968 1,
1154 3899 1211 3966 all,

141 4005 294 4059 perpacare
313 3992 355 4057 47,
373 3994 400 4055 4,
420 3990 491 4044 Vict.
510 3991 564 4043 uir.
582 3990 632 4058 111,
659 3993 730 4058 part.
749 3989 820 4058 perf.
839 3987 930 4056 ma),
954 3986 1069 4057 plexilis
1089 3988 1124 4055 A,
1142 3987 1211 4038 ‘ua-

141 4081 217 4128 stare
235 4076 278 4144 46,
296 4077 312 4128 5
333 4074 415 4144 ‘apud
429 4075 624 4128 Trasimenum
645 4079 755 4128 uastata
769 4073 891 4126 Flamini
904 4073 1053 4138 exercitu’,
1073 4077 1101 4124 et
1119 4076 1211 4140 poste-

141 4162 232 4213 riores
261 4161 405 4229 Ampelie:
434 4159 518 4212 Treb.
543 4159 613 4215 Gall.
638 4163 662 4225 7,
686 4162 702 4212 3
727 4159 856 4226 ‘Scythae
875 4159 904 4211 16
928 4161 997 4212 Asia
1020 4159 1212 4212 Romanorum

142 4246 243 4299 ducum
262 4247 408 4300 uirtute..
428 4247 530 4298 uastati
543 4245 579 4296 ad
596 4247 713 4314 propria
730 4246 924 4312 recesserunt',
943 4245 985 4314 12,
1005 4245 1029 4312 1,
1049 4243 1076 4299 6.
1094 4243 1160 4296 aul.
1179 4244 1212 4296 17

124 4331 201 4397 fece
221 4335 297 4384 trans
310 4331 474 4400 Euphraten
487 4331 613 4387 redactos
628 4332 768 4402 uastauit,
788 4331 825 4385 id.
844 4331 869 4398 9,
890 4330 960 4386 Vict.
980 4330 1046 4398 epit.
1065 4331 1092 4391 1,
1113 4328 1160 4396 15,-
1179 4351 1211 4373 -a
