3326 5332
838 515 884 534 —-
940 468 1113 550 slo-

526 672 725 744 ret-burrus.

526 831 768 913 sub-clausus,
786 830 1040 913 subcommuuis,
1055 832 1255 916 subepisaus,
1272 832 1518 916 substypticus,

441 934 711 1018 subtemporalis,
733 933 966 999 subtremulus.

595 1067 788 1136 OEdpffi

528 1207 812 1290 super-plenus,
835 1205 1127 1291 (superrepletos)
1144 1204 1518 1290 ²supersubstanuuus.

596 1339 638 1399 Ol.
658 1339 695 1393 ad
721 1341 733 1393 t
760 1339 962 1408 superdbnidier
985 1344 1021 1409 at,
1049 1355 1145 1409 snper·
1172 1341 1345 1410 superlatiua
1371 1342 1518 1410 imposita,

595 1425 802 1492 superplorioats,
819 1425 1044 1492 superlaudabilis,
1062 1426 1097 1477 ad
1115 1425 1131 1478 2
1148 1425 1407 1492 supersubstantialis,
1426 1442 1516 1491 ruper-

593 1509 743 1579 msmdialis,
761 1509 976 1578 supernaturalis,
992 1519 1190 1578 superterrenas,

527 1666 602 1730 sup
611 1667 676 1712 ra·
684 1647 834 1712 coelestis
847 1647 900 1722 59).

529 1815 574 1884 ΙΙΙ·
609 1818 787 1902 (priuat.):
825 1815 1038 1901 illaedibilis,
1074 1818 1255 1899 illicenter,
1291 1818 1516 1903 imbenignus,

443 1919 695 2002 immaterialis,
719 1919 992 2002 ⁵immensibilis,
1014 1920 1258 2005 impalpabilis,
1280 1922 1516 2003 imparoenter,

445 2023 725 2107 imparticipatue,
736 2021 925 2105 impartilis,
943 2022 1517 2106 ¹⁰impassionabilis,impatefaotus,

440 2126 696 2209 imperagratus,
718 2125 978 2208 impoenitibilis,
998 2127 1225 2210 impraescius,
1253 2125 1516 2207 ¹⁵impraestric-

443 2233 513 2306 tus,
551 2229 862 2311 impraetermisse,
912 2228 1251 2311 impraeuaricabilis,
1289 2228 1516 2311 improfiouus,

441 2328 697 2413 impudefactus,
713 2327 741 2366 ²⁰
754 2330 994 2412 impuderatus,
1009 2330 1261 2415 inacceptibilis,
1277 2330 1515 2412 inalienabilis,

442 2430 670 2514 inambiguus,
698 2430 976 2513 inamplexibilis,
1006 2430 1034 2469 ²⁵
1048 2432 1298 2516 inattingibilis,
1321 2432 1515 2508 incaducus,

442 2535 637 2614 incarneus,
673 2533 984 2616 incircumspectus,
1015 2535 1236 2616 inclinabilis,
1266 2534 1292 2572 ³⁰
1306 2536 1516 2617 incoercitus,

442 2634 746 2717 incoinquinabilis,
768 2636 944 2719 incolatus,
966 2637 1233 2717 incomminutus,
1250 2637 1516 2720 incommonitus,

443 2735 471 2774 ³⁵
484 2737 666 2821 incompos,
689 2738 971 2820 inconculcabilis,
985 2739 1323 2822 inconsubstantialis,
1338 2740 1516 2807 inconsub-

510 3076 558 3138 59)
578 3074 620 3128 Of.
639 3091 701 3144 sup.
720 3077 934 3132 intracoelestis.
971 3076 1049 3144 Quae
1068 3077 1194 3145 prolecto
1220 3080 1243 3131 si
1269 3080 1380 3132 uinaria
1397 3081 1513 3150 linguae

442 3158 548 3210 latinae
567 3161 712 3227 genimina
730 3175 791 3214 esse
815 3162 972 3232 crederem,
997 3178 1029 3215 ac
1051 3178 1107 3216 non
1133 3165 1228 3232 pot-ius
1249 3167 1332 3218 unius
1351 3167 1515 3233 grammati-

442 3246 526 3296 eastri
545 3243 649 3296 caduca
667 3247 830 3314 conamina,
855 3263 912 3301 non
930 3263 982 3316 pro
1001 3250 1202 3302 consarcinatis
1221 3265 1236 3300 e
1254 3251 1468 3318 praepositione
1487 3255 1516 3302 et

442 3326 581 3379 adiectiuo
601 3333 807 3398 computarem,
833 3332 882 3384 sed
907 3347 943 3384 ex
968 3333 1125 3386 aduerbiali
1145 3336 1364 3402 praepositionis
1384 3351 1447 3388 cum
1466 3351 1513 3388 no·

442 3411 518 3461 mine
548 3414 755 3466 construetione
786 3415 887 3483 [supra
914 3417 1037 3482 coelum)
1067 3424 1197 3472 concreta
1225 3435 1285 3472 esse
1312 3420 1511 3488 intelligerem.

442 3493 573 3548 Oetes-um
592 3499 625 3550 ef.
648 3497 802 3550 subcoelestis
824 3504 852 3552 et
875 3502 1060 3569 supercoelestis
1083 3503 1162 3556 Tert.
1182 3508 1210 3556 et
1226 3509 1310 3574 postt.
1330 3505 1413 3574 (ΙΙΙ),
1438 3505 1513 3556 aar·

440 3579 547 3631 ruebant
566 3581 606 3636 01.
620 3582 710 3652 llam,
727 3586 896 3638 subarator
907 3588 991 3656 intpr.
1007 3587 1094 3658 lren.;
1115 3591 1312 3656 intermestris,
1327 3589 1511 3644 bimestris..

441 3665 656 3738 (bimenstruus,
675 3669 809 3723 bimensis
829 3711 836 3724 .
855 3676 893 3741 .);
911 3672 1030 3726 illustris
1045 3675 1088 3739 (iu
1107 3674 1192 3740 luce),
1213 3675 1363 3727 sublustris
1384 3675 1510 3743 (praelu-

394 3818 396 3822 .
441 3753 507 3804 stria
532 3769 646 3822 syncop.
670 3769 685 3806 e
708 3756 936 3827 prae-illustris,
968 3762 1000 3810 ut
1023 3774 1180 3826 percrepare
1203 3761 1432 3828 e'praeerogare
1468 3758 1510 3826 θ’,

437 3839 609 3904 promereare,
622 3840 760 3908 maauaie
777 3856 822 3910 ap.
840 3842 920 3911 Fulg.
944 3844 1031 3912 Rusp.
1054 3844 1123 3910 Erg.'
1139 3845 1165 3896 ΙΙ
1185 3843 1404 3912 ‘praeelectio’),
1426 3871 1458 3883 -
1479 3848 1508 3895 et

441 3921 513 3974 alia
530 3929 678 3992 praeterea
697 3928 801 3979 -stris
814 3929 902 3996 (etis,
922 3931 1006 3992 ater)
1021 3930 1184 3982 terminata:
1204 3930 1334 3999 agrestis,
1354 3935 1511 3998 campester

441 4009 548 4076 (-tris),
568 4015 698 4076 equester
716 4014 823 4077 (·tris),
848 4012 1007 4080 Fanestris,
1031 4014 1161 4074 lucraris,
1184 4014 1442 4084 Nemeam-(inus),
1463 4029 1509 4082 pa·

440 4091 539 4144 lustris
562 4097 591 4145 et
608 4098 662 4144 -ter
682 4095 880 4164 (paludestris),
903 4097 1034 4166 pedester
1056 4100 1148 4164 (·tris:
1180 4099 1231 4152 ΗΑ
1249 4115 1276 4168 p.
1295 4099 1358 4167 69),
1383 4099 1511 4158 rursus,

441 4181 576 4244 segestra,
596 4184 749 4247 sequester,
769 4183 909 4236 siluestris
928 4184 999 4248 (ter
1017 4185 1094 4253 pA),
1113 4183 1247 4244 telmeso,
1264 4181 1394 4237 aalma&
1411 4187 1452 4249 (n.
1472 4183 1509 4253 pl.

440 4261 537 4317 Ambe.
556 4264 615 4332 lug.
634 4279 687 4320 sec.
706 4271 732 4333 5,
750 4268 783 4320 31
802 4266 848 4337 al,
867 4269 902 4321 ef.
922 4266 972 4336 (lg.
991 4284 1013 4321 s.
1032 4272 1084 4335 u).
