3292 5346
553 565 832 636 -107-

145 770 203 842 id.
239 771 287 842 ib.
320 770 381 861 lv,
421 769 496 840 129
529 779 718 863 postquam
750 822 758 841 .
795 823 804 840 .
844 767 1049 842 uotuutariu
1088 782 1227 865 peccota

139 899 367 984 patuerunt,
400 911 551 982 quorum
588 886 723 960 reiectio
749 887 1025 983 exspectabatur,
1058 900 1142 961 tuuc
1166 889 1226 962 de-

146 1031 259 1078 mum
285 1005 326 1078 iu
343 1004 511 1100 obstipam
530 1005 747 1101 punitorum
766 1007 1027 1104 prsp‘auitutem
1048 1008 1230 1104 scriptoris

149 1124 313 1218 assurpit
346 1123 495 1196 iuuectio
528 1123 700 1219 (dicitque
731 1129 811 1199 illos
845 1133 978 1199 tantam
1009 1131 1118 1199 inisse
1149 1151 1229 1200 aum

150 1248 367 1318 criminibus
402 1247 698 1339 familiaritatem,
737 1253 775 1317 ut
808 1250 933 1318 innata
967 1247 1230 1341 quodammodo

149 1365 397 1451 uiderentur).

241 1548 398 1648 obstitit:
426 1554 495 1623 Jul.
525 1575 581 1645 ap.
609 1555 701 1645 Aug.
730 1575 760 1624 a.
788 1573 859 1624 sec.
887 1574 980 1646 resp.
1006 1554 1074 1624 Jul.
1095 1554 1155 1644 VI,
1183 1552 1232 1623 25

152 1671 248 1769 quial
272 1695 336 1744 uos
352 1683 427 1742 tam
444 1669 570 1767 obstipe
586 1669 745 1744 ueritatis
762 1669 867 1744 soiius
887 1669 1061 1744 ratiouem
1086 1693 1231 1766 sequere-

154 1792 249 1864 dum
268 1801 438 1888 putamus
467 1846 475 1865 .
504 1790 542 1862 ..9

241 1976 428 2058 ohtititbt:
457 2000 571 2070 comp.
601 1980 692 2070 Aug.
722 1977 798 2049 ctu.
819 1979 889 2049 Dei
915 1977 958 2067 11,
987 1976 1035 2045 24
1063 1997 1116 2046 ex.
1143 1984 1231 2047 ut..

151 2122 228 2195 per
263 2099 346 2169 baec
377 2095 462 2193 apsis
502 2093 607 2166 etiam
647 2092 870 2166 daemomibus
902 2091 1011 2165 multo
1043 2089 1235 2165 obstrictius

157 2217 379 2299 subderetur,
400 2219 447 2289 ib.
464 2217 512 2288 28
528 2219 745 2303 (obstrictior
760 2217 799 2286 P.
814 2216 909 2307 Nor,
924 2217 1053 2284 sitente
1067 2215 1231 2301 De-Vit].

245 2420 497 2494 obsurdere:
529 2422 621 2512 Aug.
648 2421 685 2489 in
712 2439 765 2510 ps.
795 2417 932 2508 57,15
959 2415 1106 2511 etipsos
1134 2416 1235 2504 thee·

161 2545 314 2627 reticos)
342 2536 546 2610 iuuouimus
572 2561 639 2609 esse
664 2548 835 2632 serpeutes
851 2533 1095 2631 iudipuatioue
1113 2534 1233 2612 obsur-

162 2662 275 2742 datos,
303 2659 454 2730 uobeutos
479 2657 604 2728 audire
629 2656 923 2728 medicamentum
950 2681 972 2726 o
998 2654 1167 2750 sapieuto;
1186 2696 1232 2711 -

163 2783 317 2856 sardare
345 2780 446 2871 Calp.
474 2780 552 2870 eet,
580 2779 686 2869 gloss.

246 2959 541 3044 obssststmsre:
581 2968 674 3056 Aug.
702 2985 731 3032 c.
759 2965 881 3033 Faust.
909 2963 1077 3051 XXXIII,
1105 2963 1127 3030 6
1154 2980 1238 3052 quos

166 3096 293 3157 coutra
313 3084 507 3156 testimouia
532 3081 795 3177 seripturarum
817 3077 1042 3166 obsurdefecit
1058 3075 1237 3173 iniquitas.

168 3207 223 3278 Of.
253 3205 532 3298 ‘squalefecerat

247 3389 423 3488 obtectus,
451 3415 489 3462 u:
517 3393 585 3462 Iul.
615 3412 672 3481 ap.
700 3392 791 3482 Aug.
821 3411 850 3460 a.
871 3408 940 3459 ses.
969 3408 1063 3478 resp.
1088 3387 1156 3456 JuI.
1177 3385 1239 3474 IV,

170 3514 220 3585 65
246 3522 296 3593 ut,
325 3510 498 3607 quoditie
523 3509 563 3580 iu
589 3520 719 3580 secreta
745 3505 902 3602 corporis
920 3517 1027 3601 parto
1054 3501 1238 3583 coustituit,

169 3655 234 3704 uos
259 3631 400 3702 totidem
426 3629 621 3702 uerecuuobo
648 3626 847 3723 operiamus
874 3623 1011 3696 obtectu.

249 3829 531 3930 obtemperator:
572 3836 662 3923 Aug.
695 3833 731 3900 in
764 3850 817 3920 ps.
853 3826 942 3914 134,
970 3827 991 3896 1
1021 3830 1241 3895 ueueoutores

172 3954 329 4028 uomiuis
358 3951 431 4034 sui,
466 3952 750 4046 obtemperatores
781 3944 947 4017 maudati
978 3941 1036 4016 sui
1067 3941 1106 4014 iol
1137 3939 1241 4028 docet,

172 4087 240 4148 ut.
263 4100 291 4160 .;
320 4115 365 4128 -
395 4073 652 4165 obtemperatio
672 4069 758 4162 eie,
785 4070 877 4160 Aug.
906 4065 1031 4161 (Beitr.
1051 4065 1098 4136 III
1126 4085 1153 4133 s.
1174 4064 1240 4146 ιι).

173 4261 427 4272 ...-.—--—-—..-..

276 4374 410 4426 obtectio
427 4373 458 4428 Β.
