3328 5324
815 453 1065 528 ..24-

485 653 755 760 couoonloalls:
790 664 880 752 Aug.
901 681 931 730 o.
951 659 1052 730 Petit.
1077 661 1137 752 111,
1171 661 1226 752 ts,
1246 661 1294 732 19
1313 659 1379 734 itti
1395 665 1477 751 (Ps-

409 781 570 877 tiliauus)
601 792 747 877 propter
781 776 1080 850 aduocationem.
1108 833 1117 850 .
1144 776 1325 852 Parosioti
1348 804 1477 852 nomen

409 901 580 997 imponet,
596 911 696 996 atquo
713 898 751 970 ob
769 899 831 969 lios
848 921 881 970 so
898 897 1174 993 soyoorninolom
1190 895 1349 993 Spiritus
1365 899 1479 971 sanai

409 1044 480 1092 ooo
509 1043 589 1101 osse,
617 1019 677 1091 sed
692 1018 808 1114 foisse
834 1016 970 1099 deliret,
999 1017 1143 1114 [Hilar.]
1170 1022 1276 1112 intpr.
1306 1042 1412 1092 anon.
1439 1024 1475 1092 in

409 1143 477 1213 Job
504 1142 552 1212 III
578 1164 613 1234 p.
643 1139 715 1210 229
745 1135 861 1208 eodem
887 1135 1030 1208 omnine
1061 1136 1260 1232 appelletur
1292 1148 1323 1207 et
1349 1161 1476 1233 reyno-

409 1257 553 1331 minoto
570 1255 623 1330 iili
638 1255 824 1336 uocitatur,
844 1255 905 1328 secl
920 1255 1104 1328 anaidem
1125 1254 1198 1350 i'pso
1215 1265 1272 1337 est,
1300 1253 1360 1326 sed
1376 1255 1477 1329 eiius.

485 1439 704 1524 cohibentia:
734 1442 891 1514 Feouud.
920 1443 1054 1514 defens.
1083 1443 1161 1532 VII,
1180 1442 1201 1513 3
1223 1443 1478 1535 (Timotheum,

411 1567 628 1658 Apollinaris
656 1562 879 1653 discipulum,
907 1585 929 1631 a
954 1563 1059 1633 beato
1080 1562 1276 1632 Athanasio
1295 1583 1360 1652 per
1378 1565 1477 1654 igno-

411 1689 566 1755 rantiam
593 1681 812 1774 temporibus
839 1681 936 1751 beati
967 1683 1117 1752 Damasi
1150 1682 1227 1752 sedi
1261 1683 1480 1773 apostoIIoae

412 1799 729 1890 commendatum)
769 1809 870 1893 etque
909 1797 949 1869 ab
982 1797 1056 1894 tirso
1085 1822 1183 1894 popo
1208 1796 1372 1870 Damaso
1406 1796 1481 1870 one

411 1919 601 1992 cohibentia
631 1915 781 1990 haeresis
812 1915 1016 2012 simpliciter
1042 1941 1109 1990 essa
1134 1927 1342 2014 metopium,
1371 1920 1416 2011 V,
1443 1919 1480 2012 4,
1596 1973 1598 1978 .
1660 1953 1661 1956 ¹

411 2042 505 2132 VIII,
535 2040 555 2110 7
585 2061 612 2110 s.
640 2041 679 2131 f,
706 2040 753 2130 X,
782 2038 803 2108 2
831 2048 992 2108 eoeosoot
1018 2036 1205 2108 eonsilium
1227 2035 1269 2108 cio
1291 2035 1481 2108 cohibentia

413 2169 444 2228 et
461 2180 627 2228 consenso
639 2155 829 2234 maiorum,
850 2179 919 2248 quo
934 2161 1054 2227 tamen
1068 2160 1147 2228 loeo
1163 2159 1215 2248 (et
1229 2158 1307 2228 aliis
1323 2153 1481 2248 quoque)

413 2276 640 2347 scribendum
659 2296 737 2345 esse
756 2275 896 2345 uidetur
915 2277 1127 2366 eonibentia,
1153 2276 1223 2346 hoo
1242 2284 1295 2346 est
1314 2279 1480 2346 coniuen-

413 2399 474 2484 tia,
505 2435 546 2444 -—
579 2394 673 2486 quod
706 2395 921 2464 uocabulum
949 2394 1032 2464 inde
1066 2396 1111 2465 ab
1143 2397 1287 2465 ineunte
1322 2397 1397 2464 fere
1433 2416 1485 2464 se·

413 2516 492 2584 eulo
513 2519 640 2605 quarto
660 2536 681 2583 a
700 2514 930 2604 scriptoribus
948 2515 1204 2606 frequentatur,
1232 2514 1341 2584 ueluti
1362 2517 1483 2600 lomis-

416 2637 463 2704 sis
491 2633 579 2702 loeis
607 2634 729 2722 quiin
747 2632 878 2702 Klotzii
898 2638 932 2702 et
950 2632 1135 2725 Georgesii
1163 2634 1283 2703 lexicis
1311 2630 1482 2724 eltantur)

416 2751 531 2845 Capit.
561 2749 670 2822 Gord.
698 2750 757 2841 23,
780 2751 799 2821 7
828 2749 871 2820 ‘si
898 2751 1097 2842 quidem..
1127 2757 1161 2820 et
1186 2754 1262 2842 ipse
1288 2774 1354 2842 pro
1381 2756 1484 2843 parte

417 2869 675 2962 aliquantulum
704 2876 858 2962 saperet,
884 2890 951 2938 neo
969 2891 1033 2963 per
1052 2869 1230 2962 spadones
1250 2926 1257 2942 .
1281 2922 1288 2939 .
1309 2872 1368 2940 uel
1386 2873 1484 2962 igno·

412 2991 531 3058 rantia
558 2989 615 3056 uel
644 2990 847 3072 coniuentia
866 2990 1103 3078 uenderetur',
1131 2989 1293 3061 Cassian.
1323 2995 1411 3076 (seo.
1432 2990 1482 3071 Vl

415 3107 573 3178 Coenob.
602 3107 690 3176 Just.
719 3108 780 3197 Vl,
809 3112 844 3197 9,
873 3108 979 3200 Greg.
1008 3111 1097 3180 Hist.
1126 3110 1254 3179 Frena.
1274 3109 1338 3199 lx,
1366 3109 1414 3178 38
1443 3111 1485 3178 ‘si

417 3246 482 3294 uos
511 3225 646 3292 nullam
680 3227 918 3294 oouiuentiam
954 3228 1235 3318 praebuissetis',
1262 3228 1324 3316 IV,
1351 3228 1411 3316 16,
1439 3228 1484 3316 V,

417 3343 478 3434 14,
508 3342 567 3411 all.
589 3341 755 3414 Ceterum
783 3341 1070 3436 ‘cohibentia
1097 3343 1256 3416 inelusIo'
1275 3346 1382 3437 gloss.
1401 3345 1485 3417 lsid.

490 3520 744 3622 stimulum:
786 3530 854 3598 inc.
888 3550 970 3622 quu.
1000 3553 1043 3602 ex
1080 3538 1194 3624 utroq.
1221 3532 1317 3602 Test.
1346 3531 1419 3603 106
1446 3541 1486 3602 ot

415 3645 534 3741 imaue
563 3643 639 3717 Dei
664 3656 748 3717 osset
771 3646 888 3728 homo,
923 3648 1006 3744 quio
1033 3648 1123 3722 douo
1157 3647 1228 3720 Dei
1252 3647 1489 3745 soimoqioeri

412 3765 551 3837 lateret
575 3761 669 3838 Filio
695 3763 809 3853 Det.
840 3821 848 3838 .
877 3766 1113 3863 coimoyinati,
1134 3769 1186 3839 ait
1211 3772 1361 3860 [Paulus
1379 3773 1480 3840 Rom.

416 3965 669 3973 mm·—

516 4085 737 4149 coynososotio
757 4084 809 4149 ib.;
828 4083 1128 4138 —oohaeretieus
1143 4085 1179 4152 Βς
1200 4113 1224 4124 -
1245 4084 1487 4138 coidololatra

516 4168 569 4237 ib,
588 4196 620 4208 -—
640 4170 848 4224 coimitator
866 4170 918 4240 ib.;
932 4198 964 4209 -
978 4172 1184 4239 eoinoipere
1204 4170 1261 4239 s*;
1279 4169 1485 4224 -ooinfew

518 4254 605 4307 tisri
623 4255 677 4324 ib.;
695 4283 728 4294 ·-
747 4257 957 4327 coinfirmari
974 4256 1012 4309 ib.
