3326 5332
857 509 1128 582 -230-

548 714 738 780 Lucretius:
762 713 777 776 1
800 733 833 778 n.
856 713 884 774 2.

551 869 726 934 Marcellus
749 866 952 949 Empiricos:
993 863 1019 926 Α
1043 884 1073 926 n.
1097 863 1148 926 80.

551 1021 685 1088 Omissa
717 1021 751 1084 in
783 1021 890 1084 lexico
921 1016 957 1082 O.
991 1019 1029 1081 n.
1060 1016 1259 1102 Georges:
1294 1021 1309 1081 I
1339 1040 1369 1082 n.
1401 1021 1430 1096 1,
1462 1019 1542 1081 Zus.

465 1147 497 1212 p.
522 1125 610 1205 2⁸²),
640 1125 737 1187 -in
761 1124 866 1186 lexico
889 1121 1068 1184 Forcellini
1091 1121 1142 1184 ed.
1168 1121 1331 1184 ne-Vit:
1366 1120 1439 1183 ΙΙΙ1
1464 1141 1495 1182 n.
1521 1119 1542 1182 1

468 1233 543 1306 (nos
568 1226 788 1292 attestationis
812 1225 1042 1308 supplemento
1065 1225 1279 1287 instruximus
1304 1240 1403 1285 uoces
1428 1256 1467 1266 -
1484 1222 1542 1284 uel

467 1331 723 1414 significationes
755 1361 813 1405 -,
850 1343 953 1408 quae
985 1327 1131 1390 desunt
1154 1324 1258 1408 apud
1284 1323 1453 1404 ne-vit,
1481 1323 1543 1387 ad·

466 1435 529 1498 huc
552 1437 709 1496 centum
733 1429 1091 1512 quinquaginta⁸³).

552 1585 768 1667 Participium
791 1582 920 1646 futuri
936 1601 1039 1664 pass:
1064 1602 1095 1644 n.
1112 1581 1177 1658 372,
1200 1580 1273 1644 Iad
1291 1600 1322 1644 u.
1337 1577 1542 1662 ‘nigricaret

553 1687 679 1749 Plinius
714 1685 805 1761 (bist.
838 1688 937 1759 nat.):
979 1684 1056 1764 Erg.
1087 1682 1134 1745 111
1168 1682 1308 1764 (passim
1333 1682 1368 1745 in
1396 1686 1542 1760 annot).

553 1787 679 1851 Plinius
703 1787 916 1850 Valerianus:
953 1785 1036 1848 An.
1059 1785 1110 1848 84.

555 1941 723 2021 [Rufinus]
748 1937 873 2004 Comm.
897 1941 932 2003 in
956 1940 1073 2020 Amos,
1096 1938 1187 2016 Joel,
1213 1935 1351 2001 Osesm:
1383 1934 1409 2001 C
1433 1957 1466 2019 p.
1491 1938 1542 1998 17.

556 2093 694 2175 Seneca,
719 2095 754 2157 L.
779 2093 882 2156 Anu:
906 2092 977 2156 111*
1001 2093 1098 2175 epim.
1123 2092 1179 2155 IV.

556 2195 701 2259 Solinus:
741 2193 767 2256 A
792 2216 823 2258 n.
849 2195 898 2257 77.

555 2347 750 2411 Theodorus
774 2347 978 2411 Priscianus:
1014 2346 1042 2407 A
1066 2368 1097 2410 n.
1121 2348 1171 2411 83.

471 2533 725 2542 ——-—---——-—-

470 2666 563 2731 liaria,
584 2665 752 2734 indigestio,
772 2665 952 2733 indiscretio,
973 2669 1000 2718 et
1018 2667 1067 2718 int.
1087 2667 1129 2733 65,
1150 2695 1192 2730 -,
1212 2669 1448 2737 impraeparatus,
1469 2669 1546 2720 1016-

472 2752 574 2818 clusor,
593 2751 783 2819 incensentur,
803 2753 976 2813 inconsutns,
996 2751 1177 2820 indiscissus,
1197 2753 1369 2822 indolorios,
1388 2753 1546 2806 ineruditio

472 2839 515 2902 (in
536 2836 654 2904 Vulg.),
676 2838 924 2904 ininterpretatus,
943 2836 1160 2904 insuasibilitas,
1180 2839 1361 2906 insultatrix,
1380 2839 1546 2907 interpella·

474 2924 533 2975 trix
547 2921 620 2989 (θ’),
641 2923 663 2956 ²⁰
674 2921 871 2988 intransibilis,
890 2921 1081 2974 irrecusabilis
1095 2923 1139 2987 (0.
1158 2921 1259 2989 Just),
1278 2925 1437 2992 iurgatrix,
1457 2925 1545 2975 medi-

472 3009 623 3074 tatorium,
643 3007 875 3075 multimammia,
894 3008 1122 3076 pertremiscere,
1146 3008 1373 3077 presbyteratus,
1393 3024 1437 3074 us,
1457 3009 1544 3075 proli·

473 3108 546 3159 men,
566 3094 770 3161 recrucifigere,
791 3107 901 3145 sacceus
920 3091 994 3159 (θ’),
1014 3095 1037 3126 ⁸⁰
1049 3108 1173 3162 scopare,
1189 3093 1400 3162 scordiscarius,
1414 3094 1545 3160 stillatio,

474 3180 631 3244 sturninus,
645 3177 823 3244 subrepente,
838 3177 1008 3230 subrutilare
1022 3178 1078 3242 (cl.
1093 3177 1197 3246 Mam),
1211 3179 1435 3231 substantialitas
1449 3178 1546 3242 (Cssd.

472 3263 538 3314 hist.
558 3262 645 3327 eccl),
665 3261 869 3329 subtunicalis,
889 3265 1129 3330 supercorrigere,
1149 3264 1357 3329 synecdochice,
1377 3265 1546 3316 ⁰⁰termiua-

473 3347 538 3399 bilis
558 3348 687 3414 (pontt),
707 3347 884 3414 trinominis,
905 3348 1055 3415 uiliticare,
1076 3348 1210 3416 unicuba,
1229 3349 1410 3417 uulnerator,
1431 3377 1462 3386 -
1484 3364 1547 3400 cum

477 3429 497 3482 G
516 3431 534 3483 1.
553 3429 571 3481 1.
591 3429 683 3481 allatis
703 3430 754 3482 130
773 3432 911 3501 exempla.
947 3433 1036 3486 Voces
1056 3435 1209 3502 permultas
1223 3449 1384 3487 communes
1398 3434 1465 3485 huic
1484 3450 1546 3486 cum

475 3515 646 3584 Augustino,
661 3521 691 3568 ut
705 3529 728 3568 e.
743 3531 764 3568 c.
779 3517 905 3587 falsator,
919 3519 1112 3588 imputribilis,
1131 3521 1354 3587 impoenitentia,
1374 3534 1438 3572 curn
1451 3520 1546 3571 neutri

476 3600 616 3653 ascribere
635 3616 782 3669 possemus
801 3605 860 3669 uni,
880 3606 1087 3673 praeteriimus.

542 3703 590 3769 82)
614 3703 667 3757 Vbi
693 3706 831 3775 exemplis
855 3707 933 3760 add.:
965 3707 1164 3775 aequimodus,
1193 3709 1380 3774 aequisouus,
1407 3705 1545 3772 contiger,

475 3789 646 3858 despectetio
666 3790 762 3854 (Oros.
782 3807 803 3845 c.
823 3793 919 3861 Pelag.
939 3808 966 3861 p.
985 3793 1059 3858 665),
1080 3793 1290 3862 dispertitione,
1309 3791 1443 3845 insolatio
1464 3790 1545 3858 Plin,

478 3876 656 3942 scientificus,
676 3880 881 3944 seruatorium,
904 3877 1049 3946 specificus
1069 3883 1097 3928 et
1115 3893 1170 3944 -ce,
1188 3879 1373 3946 specificatus,
1392 3877 1546 3945 spectiuus,

475 3960 632 4029 stcllificus,
652 3961 867 4030 subscriptiuus,
888 3963 1051 4030 tentatibus,
1071 3962 1190 4033 neliger,
1210 3964 1368 4015 nenatiuus.

543 4063 591 4132 83)
611 4065 633 4117 Ε
651 4064 750 4116 relatis
768 4066 798 4116 in
817 4081 881 4118 anu.
899 4065 931 4118 81
945 4065 1061 4118 uocibus
1074 4065 1303 4133 Hieronymianis
1323 4065 1454 4118 desunt
1471 4063 1547 4132 apud

474 4149 600 4202 ne-vu:
625 4149 667 4216 21,
687 4149 729 4215 22,
753 4149 795 4217 28,
814 4151 857 4216 31,
881 4150 924 4217 36,
949 4151 993 4220 31,
1011 4151 1054 4220 42,
1078 4152 1121 4218 43,
1145 4151 1188 4217 49,
1213 4152 1256 4218 60,
1274 4152 1317 4217 56,
1340 4151 1383 4218 59,
1402 4150 1452 4214 61,
1481 4164 1546 4200 nam

477 4234 543 4302 alia,
562 4238 594 4286 ut
612 4235 653 4300 11,
673 4233 757 4286 habet
774 4235 825 4287 illc
838 4235 950 4302 quidem
963 4237 1034 4305 ipsa,
1053 4251 1110 4290 non
1127 4239 1219 4290 tamen
1232 4235 1436 4302 Hieronymum
1451 4238 1546 4288 ancto-

476 4333 545 4386 rem,
566 4317 616 4370 sed
634 4320 792 4386 sequiorem
809 4319 942 4388 aliquem.
