3292 5346
598 503 872 576 *139-

198 714 363 784 oularum
390 708 690 801 permutationem
717 707 768 776 ita
791 708 984 800 praecipue
1005 701 1096 805 (335),
1115 713 1144 780 ei
1164 709 1266 781 colon

201 830 482 919 coniunctium,
509 851 531 897 a
555 825 755 918 ‘quatenus’
781 827 816 898 in
844 825 905 896 ‘ut’
930 828 1049 900 locum
1075 830 1269 921 subrogata

198 953 393 1042 incipiens,
426 952 547 1040 aptum
575 953 669 1016 esset
694 967 716 1015 a
744 946 822 1017 colo
856 947 927 1019 elio
954 950 1180 1019 coniunctiuo
1205 946 1268 1018 ‘ut’

200 1070 488 1141 coniunctionem
515 1067 760 1159 praeferente:
788 1074 826 1134 ut
854 1119 861 1134 .
892 1118 914 1158 .,
942 1075 1144 1159 quatenus.
1172 1120 1193 1158 .‚
1221 1105 1269 1120 --

200 1190 314 1260 semel
341 1191 492 1276 tentum,
511 1187 597 1256 Van.
618 1185 711 1275 VIII,
739 1185 799 1276 30,
825 1189 1087 1276 permutatione
1113 1190 1270 1280 inuersa,

200 1312 253 1380 ita
279 1315 318 1377 ut
345 1329 417 1377 non
444 1310 482 1374 ut
508 1305 697 1397 posterius,
726 1304 788 1375 sed
815 1310 854 1374 ut
880 1308 1037 1377 anterius
1059 1307 1139 1378 loeo
1158 1326 1271 1378 aesse-

200 1431 262 1500 rit:
282 1431 461 1521 quatenus
477 1478 485 1496 .
502 1477 525 1516 .,
544 1429 609 1495 ut.
633 1477 640 1494 .
668 1425 783 1496 Locos
801 1426 898 1518 ipsos
917 1425 1174 1518 subsequenter
1191 1446 1271 1519 per·

201 1551 265 1619 tim
292 1547 470 1637 indicaui,
498 1545 628 1636 partim
656 1545 823 1638 apposui:
857 1543 955 1616 Ver.
981 1545 1046 1638 111,
1080 1545 1127 1616 31
1155 1537 1270 1614 Jecu-

203 1690 286 1738 uem
312 1663 437 1736 uirum
463 1661 703 1758 spectabilem.
725 1716 733 1734 .
754 1660 803 1732 acl
827 1661 910 1733 llaec
929 1717 938 1736 .
960 1717 969 1735 .
988 1661 1185 1735 diremimus
1212 1661 1271 1734 iu-

203 1782 391 1882 quirenda,
418 1794 463 1854 ut
488 1791 613 1854 cauata
639 1805 700 1853 suo
727 1778 852 1852 ordine
878 1779 1032 1854 discussa
1057 1781 1154 1854 uelis
1178 1781 1271 1853 rela-

202 1903 309 1978 tiouis
335 1901 487 1998 obsequie
514 1898 724 1982 lucidentur,
752 1911 960 1995 puateuus
986 1899 1072 1995 quial
1088 1899 1130 1971 ele
1147 1899 1271 1995 simpu-

207 2025 250 2097 lis
275 2023 376 2095 rebus
401 2032 463 2093 aut
488 2019 530 2092 de
549 2017 880 2116 praesumptoribus
906 2041 1030 2090 earum
1052 2017 1142 2115 fieri
1166 2041 1272 2114 oper·-

204 2156 275 2216 teat
302 2197 310 2213 .
340 2198 348 2216 .
376 2165 583 2222 censeamus,
610 2141 639 2233 1,
667 2139 715 2211 35
742 2162 764 2209 a
790 2161 858 2233 qua
885 2137 1106 2234 (torpedine)
1133 2147 1274 2208 tautum

206 2261 432 2358 iufipeutium
457 2259 603 2332 destrae
625 2268 932 2355 praeprauautur,
964 2269 1009 2329 ut
1028 2279 1098 2354 per
1123 2257 1271 2338 hastam,

206 2408 276 2480 pua
300 2379 419 2478 suerit
442 2380 645 2460 ualuerata,
680 2377 696 2449 i
701 2389 742 2449 ta
766 2402 917 2450 manum
936 2376 1164 2474 percutientis
1188 2374 1273 2474 iufi-

206 2502 292 2584 ciat,
331 2510 532 2597 quatenus
569 2498 683 2570 uiuae
709 2497 919 2571 substautias
949 2521 1037 2592 pars
1068 2496 1142 2569 siue
1172 2519 1275 2568 seusu

99 2689 100 2692 ,
207 2623 322 2718 aliquo
348 2619 530 2692 immobilis
563 2619 789 2714 obstupescat,
829 2622 858 2712 Ι,
894 2619 956 2710 36,
988 2618 1033 2710 V,
1065 2619 1114 2690 16
1146 2623 1180 2688 et
1212 2617 1275 2708 19,

206 2745 285 2834 VII,
317 2743 377 2834 31,
409 2743 456 2832 Χ,
489 2740 535 2811 31
569 2748 604 2810 et
636 2739 696 2831 23,
729 2741 794 2830 ΧΙ,
822 2740 856 2830 3,
884 2740 970 2830 ΧΗ,
1003 2740 1026 2810 5
1058 2744 1093 2810 et
1126 2737 1174 2809 24
1207 2759 1275 2828 eu,

208 2863 273 2954 XI,
300 2863 346 2933 11
379 2857 423 2958 (si
454 2862 532 2952 quis
564 2858 795 2929 uenientium
825 2881 897 2929 non
932 2858 1149 2948 seruauerit,
1183 2877 1275 2948 quae

207 2983 408 3076 praesentis
427 2980 532 3050 edioti
550 2984 652 3048 tenor
671 2970 874 3072 eloquitur,)
897 2997 967 3068 per
990 2972 1143 3067 simpulos
1162 2995 1275 3043 ereces-

209 3125 268 3170 sus
294 3121 354 3169 scu
379 3096 573 3168 solidorum
600 3095 807 3166 mulctama
833 3117 867 3164 se
892 3090 1032 3164 uouerit
1056 3088 1275 3186 euipeudam,

209 3229 241 3290 et
269 3216 454 3314 fustuario
494 3239 596 3312 pesse
633 3212 807 3286 subiecere
845 3210 1029 3309 supplicia,
1070 3220 1278 3306 quatenus

210 3362 289 3409 eum
330 3347 361 3408 et
394 3334 521 3408 damni
549 3345 659 3406 metus
690 3345 834 3415 terreat,
876 3344 907 3404 et
939 3329 1128 3428 praedicta
1164 3353 1278 3425 poeria

212 3457 432 3528 uehementer
459 3454 607 3554 afflipat,
636 3456 663 3548 Ι,
693 3455 841 3547 21‚1V,
868 3455 930 3545 45,
956 3454 1002 3545 V,
1030 3453 1065 3545 9,
1092 3453 1172 3544 ΧΙΙ,
1194 3455 1218 3522 4
1246 3457 1280 3521 et

213 3579 274 3670 26,
307 3577 439 3650 Chron.
471 3577 602 3669 praef.;
641 3615 683 3624 -
721 3577 817 3646 hist.
851 3577 1020 3666 trIpart.
1054 3573 1106 3664 V,
1146 3570 1208 3660 17,
1235 3578 1280 3638 ut

212 3709 391 3768 caecantes
423 3705 453 3766 te
485 3716 722 3772 moneremus,
759 3701 965 3785 quatenus
999 3684 1281 3759 commuuieuem

212 3813 436 3888 scelestissimi
474 3810 669 3884 Athanasii
708 3867 716 3883 .
752 3867 759 3884 .
802 3808 973 3904 abrepere
1011 3827 1085 3876 aeut
1125 3803 1279 3900 apteras,

213 3940 263 4030 Χ,
283 3937 329 4008 37
349 3933 445 4005 misit
470 3932 520 4005 acl
545 3929 695 4004 ciuitatis
721 3929 920 4026 episcopum
944 3950 1086 4021 repam,
1113 3935 1160 3995 ut
1185 3922 1280 3994 iube-

214 4067 268 4127 ret
285 4055 318 4128 ei
333 4054 395 4150 qui
420 4054 602 4149 lipauerat,
631 4061 836 4147 quatemus
862 4047 935 4120 eius
960 4045 1105 4119 uincula
1131 4041 1281 4114 resolue-

215 4188 279 4258 ret,
307 4177 372 4270 IX,
391 4175 440 4262 24
464 4172 660 4244 meretrices
685 4170 725 4242 iu
752 4168 799 4241 eis
829 4165 1010 4268 (tabernis)
1033 4157 1200 4262 prostare
1214 4162 1281 4260 fa-

218 4295 365 4377 eielaut,
394 4303 564 4390 quatenus
583 4315 653 4389 per
679 4314 737 4362 eas
754 4288 934 4386 plurimes
959 4284 1171 4380 deciperent,
1198 4280 1284 4352 alies
