3328 5324
224 1409 369 1496 511ΰίῐοί
414 1417 580 1490 Ambros.
615 1419 682 1489 Job
723 1424 758 1488 et
791 1415 911 1528 Dauid
937 1418 963 1506 1,
992 1415 1027 1510 9,
1056 1418 1104 1488 29
1131 1440 1219 1512 quae

149 1537 262 1609 abdite
288 1536 417 1608 orontio
442 1535 651 1630 penetrauit.

224 1731 410 1816 ablevare:
452 1741 616 1811 Ambros.
661 1741 717 1809 De
751 1739 846 1809 bono
879 1742 1003 1810 mortio
1037 1742 1071 1832 5,
1106 1742 1155 1815 16
1187 1751 1218 1810 et

146 1881 221 1936 nos,
250 1856 339 1928 dune
363 1856 404 1928 in
431 1881 573 1952 corpore
599 1881 731 1938 strutus,
763 1881 867 1928 usuru
893 1857 1016 1928 rnortis
1042 1858 1218 1929 imitantes

79 2001 88 2026 ·
147 1974 341 2047 atteuemus
368 1976 529 2047 animuin
561 1986 721 2046 nostrum
751 1999 794 2044 ee
824 1975 924 2046 istius
956 1975 1075 2047 cernis
1101 1975 1216 2056 cubili,

148 2106 180 2164 et
205 2108 377 2190 torquens
411 2095 453 2166 de
487 2094 549 2166 isto
584 2116 817 2187 resurremus
852 2093 1021 2188 sepulcro,
1057 2095 1105 2164 id.
1163 2093 1218 2164 De

148 2216 234 2304 fuga
261 2217 372 2284 seculi
400 2216 434 2307 7,
468 2214 516 2284 38
549 2212 708 2283 obtenere
734 2237 768 2283 se
794 2203 968 2294 eseeule,
1004 2212 1157 2283 elleuore
1182 2236 1217 2283 se

147 2355 169 2398 a
200 2355 345 2426 eernere
376 2335 442 2425 aL,
482 2335 650 2426 Egesipp.
703 2335 759 2404 De
792 2334 886 2404 bello
915 2334 995 2404 Jud.
1032 2328 1074 2430 (O
1095 2355 1123 2404 o.
1151 2327 1215 2431 ιι.).

148 2450 201 2521 of.
235 2450 263 2523 O
294 2476 329 2545 p.
363 2453 410 2523 17
442 2452 463 2499 *
495 2474 548 2544 sq.
586 2477 620 2522 n.
658 2451 696 2543 2,
739 2453 980 2546 exemplisque
1015 2455 1065 2523 ibi
1100 2450 1232 2554 allatis

149 2572 420 2640 conuenientiae
447 2573 483 2641 in
506 2573 699 2641 uerborum
718 2571 857 2640 deiectu
875 2575 967 2642 inter
987 2572 1216 2643 Ambrosium

147 2709 300 2781 eumque
327 2691 388 2779 qui
414 2690 600 2760 historiam
628 2690 712 2759 belli
738 2690 877 2760 Judaioi
900 2691 1095 2761 seeundum
1120 2693 1218 2761 Jose·

146 2807 258 2897 phum
273 2808 382 2877 latine
393 2812 533 2900 scripsit
547 2809 743 2879 subindito:
765 2812 940 2880 accersire
958 2806 1043 2906 (uid.
1058 2805 1173 2906 p(ars)
1187 2811 1217 2879 11

147 2946 174 2994 s.
204 2921 275 3020 ιι.),
303 2925 571 2997 adulescentula
598 2935 697 2998 aetas
726 2929 863 3017 Ambr.,
892 2931 996 3018 Egeo.
1023 2929 1056 3018 Ι,
1085 2929 1152 3018 96,
1183 2929 1217 3019 2,

149 3045 428 3114 ellerramentum
451 3044 496 3136 (p.
517 3048 547 3115 11
566 3067 593 3116 e.
614 3039 678 3139 ιι),
705 3048 930 3114 internecare
948 3046 1073 3114 transl.
1093 3046 1218 3114 Ambr.

147 3163 228 3234 Noe
257 3163 317 3252 15,
345 3164 406 3254 55,
432 3166 537 3256 Eges.
566 3165 628 3255 IV,
657 3163 703 3233 17
731 3171 819 3243 sete,
848 3162 910 3232 sed
940 3169 974 3232 et
1006 3163 1079 3254 olii,
1112 3164 1219 3231 inter·

147 3281 239 3349 fusio
267 3282 390 3354 Ambr.
419 3283 590 3356 Hexaem.
618 3284 662 3374 ΙΙ,
691 3283 726 3374 3,
756 3285 800 3352 11
830 3291 870 3353 ut
898 3337 906 3354 .
936 3335 943 3352 .
971 3278 1011 3351 e'n
1032 3278 1235 3376 profunde

146 3395 393 3490 interfusiones
412 3425 588 3494 uquarum
607 3412 722 3470 terroe
739 3400 852 3471 inedie
870 3411 1090 3494 separentur,
1111 3404 1218 3490 eges.

146 3516 207 3607 ΙΙΙ,
237 3516 297 3610 26,
324 3521 360 3589 1.

224 3715 388 3799 abrasio:
436 3724 562 3792 incerti
603 3729 695 3793 aust.
755 3726 812 3794 De
854 3728 1057 3814 contemptu
1093 3725 1218 3793 mundi

151 3837 343 3935 (Patrolog.
378 3843 439 3912 lat.
473 3843 529 3912 ed.
565 3845 686 3932 Migne
726 3850 811 3913 tom.
844 3835 908 3936 40)
951 3841 973 3912 3
1011 3840 1219 3935 capillorum

249 4125 581 4177 abortienlourentnm
595 4125 636 4190 Α,
650 4150 682 4162 ·-·
696 4124 909 4176 abbreut'ator
928 4123 958 4192 (i,
973 4125 1006 4176 os.
1021 4123 1136 4179 Foroell.
1150 4125 1218 4180 Lex.

251 4211 294 4264 ed.
307 4210 412 4264 Ire-vn
424 4227 445 4264 e.
459 4229 502 4281 u.;
516 4239 544 4250 -
561 4210 761 4262 abdicatura
775 4210 834 4278 Δΐ,
849 4237 881 4250 -
894 4210 1120 4262 abhorrescere
1134 4211 1171 4281 Ο,
1186 4237 1218 4266 r-

252 4291 402 4354 abirare
421 4297 476 4362 Ar,
495 4298 529 4350 of.
546 4296 676 4363 abigatur
695 4296 797 4364 gloee.;
816 4323 848 4333 —-
867 4295 1035 4363 attinuere
1055 4296 1087 4349 A.
1156 4328 1158 4330 -

998 4399 1013 4456 1
