3292 5346
806 539 1061 612 ..73-

478 744 751 815 increabilis:
778 743 869 812 Mar.
887 743 997 812 Marc.
1026 763 1131 812 serm.
1160 742 1238 834 1‚7
1266 765 1339 812 non
1359 765 1473 838 pepe-

401 863 452 936 rit
478 872 759 940 creaturarum,
788 858 850 955 qui
873 870 920 931 est
944 858 1139 932 increabilis
1166 859 1349 954 (creabilis
1374 865 1472 956 App.

403 985 513 1076 Asel,
540 985 646 1075 Aug.,
674 980 882 1068 Gaudent).

480 1180 695 1281 increpatur:
738 1183 896 1256 Cassiod.
924 1185 962 1254 in
988 1205 1040 1275 ps.
1070 1183 1162 1274 140,
1195 1184 1217 1254 6
1244 1180 1306 1253 uir
1331 1192 1476 1254 sanctus

402 1327 475 1375 non
500 1303 541 1376 in
566 1306 625 1375 irc
652 1301 813 1396 corripit,
847 1300 907 1372 secl
929 1325 1000 1396 per
1027 1300 1243 1374 dilectionem
1267 1300 1476 1397 increpator

402 1422 543 1502 accedit,
572 1425 678 1515 gloss.
707 1425 982 1515 (increpatorius
1009 1421 1113 1508 siu).

482 1615 707 1718 lncteptttttlla
733 1629 848 1694 neutr.
875 1624 941 1716 pl.:
981 1623 1069 1694 Fab.
1099 1622 1225 1694 Claud.
1253 1623 1362 1695 Gord.
1391 1625 1477 1694 Ful·
1612 1599 1613 1614 ἵ

404 1750 498 1832 gent.
527 1748 596 1812 aet.
622 1742 745 1813 mund.
769 1745 821 1814 XI
846 1746 894 1814 in.
922 1763 993 1812 ecce
1013 1763 1175 1835 poruunt
1200 1739 1316 1812 calluc
1341 1765 1385 1812 ccc
1411 1740 1475 1812 in·

403 1859 605 1955 crepundiis
622 1855 743 1932 Romo
761 1859 906 1956 subripit
927 1860 1101 1942 uerticem,
1131 1901 1178 1914 -
1206 1883 1271 1953 pro
1299 1870 1474 1933 consueto

404 1973 609 2073 crepundia.

482 2159 673 2244 lutulento:
702 2191 816 2262 comp.
843 2171 935 2258 Aug.
963 2189 994 2238 c.
1013 2169 1081 2238 lul.
1102 2169 1147 2259 V,
1166 2168 1227 2259 16,
1248 2166 1295 2238 63
1314 2163 1427 2236 cudi.
1450 2219 1473 2246 .‚

406 2284 497 2379 quocl
515 2308 635 2356 eorunc
657 2286 808 2357 sensibus
834 2284 1041 2357 inculcatius
1067 2285 1261 2367 intimetur,
1290 2307 1373 2379 quoe
1389 2283 1474 2380 fol-

404 2403 473 2474 lere
498 2403 645 2498 effectos.

481 2590 789 2663 indecernere:
831 2593 966 2684 Gargil.
993 2593 1098 2662 Mart.
1126 2590 1214 2686 (sec.
1243 2595 1307 2679 ΠΙ)
1333 2593 1391 2663 De
1420 2615 1477 2662 ar-

406 2710 521 2780 borib.
548 2714 670 2802 pomil.
698 2714 742 2804 4,
774 2714 795 2782 1
828 2712 1046 2802 (Columella
1073 2765 1081 2781 .
1112 2767 1119 2783 .
1151 2712 1432 2782 indifferenter.
1465 2765 1473 2784 .

404 2832 617 2900 sententiam
643 2834 773 2923 promit
801 2885 809 2902 .
842 2884 850 2900 .
878 2833 1033 2902 affirmat
1063 2853 1086 2901 a
1116 2832 1314 2902 Nouembri
1345 2853 1475 2902 meuse

403 2970 469 3039 per
507 2956 617 3021 totam
657 2952 813 3021 hiemem
848 2954 919 3022 seri
954 2971 1059 3042 posse
1094 2971 1143 3022 sc.
1179 2953 1384 3036 castaneas)
1420 3005 1428 3020 .
1464 3004 1473 3020 .

404 3064 525 3138 Julius
551 3066 691 3140 Atticus
724 3091 766 3138 ecc
793 3065 991 3139 Nouembri
1019 3069 1060 3137 in
1092 3065 1333 3138 Februarium
1359 3091 1476 3137 serere

403 3184 606 3258 indccreuit.
659 3191 872 3281 Exemplum
899 3189 1001 3260 uerbi
1028 3191 1214 3281 compositi
1242 3210 1322 3259 cum
1348 3189 1474 3280 inda,

403 3306 498 3396 quod
530 3310 835 3399 praepositionum
866 3310 904 3377 in
938 3310 1194 3398 compositione
1231 3330 1311 3378 cum
1351 3309 1475 3378 uerbis

404 3425 639 3516 copulationis
666 3447 777 3516 genus
808 3426 968 3496 nondum
997 3433 1159 3497 notatum
1193 3433 1246 3496 eet
1278 3429 1315 3496 in
1348 3435 1473 3496 nostro

404 3540 595 3615 ‘breuiario
637 3545 828 3616 uerborum
867 3547 1312 3639 bipraepositionatorum',
1354 3567 1473 3638 neque

400 3664 438 3732 in
468 3665 546 3755 ipso
580 3663 668 3756 (uid.
702 3687 784 3736 ann.
819 3667 878 3758 4),
910 3688 1026 3760 nequa
1058 3670 1094 3737 in
1128 3666 1365 3759 appendicula
1398 3666 1471 3757 (in:

402 3784 552 3854 Zus'atne
590 3807 636 3853 nu
669 3783 788 3855 ‘Beitn
829 3811 859 3858 n.
899 3787 960 3857 lat.
996 3789 1180 3877 Laxicogr.
1223 3778 1298 3855 eto?
1355 3787 1472 3879 Dorp.

403 3901 515 3994 1873,
541 3925 576 3994 p.
608 3902 660 3996 2).
718 3882 721 3887 ’

403 4115 655 4128 Q

504 4250 818 4308 incunctabundusA
836 4272 863 4325 p.
883 4253 942 4325 20³3
963 4285 994 4296 -
1013 4254 1202 4312 incuruitus
1220 4263 1262 4329 A3
1279 4287 1313 4299 =-
1331 4260 1471 4314 indeci-

504 4337 628 4393 bilitas
649 4340 700 4410 A'3
719 4369 752 4380 --
770 4341 962 4395 indecliuis
982 4344 1016 4398 Δ.
