3326 5332
508 521 786 594 -227--

110 730 193 777 sunt:
220 722 405 790 adimpletor,
425 721 615 790 collaudator,
634 720 805 790 complutos,
826 722 929 776 ditator
947 723 1120 794 (Chrysol.),
1139 729 1178 780 in·

109 810 255 862 sinuatrix
275 806 365 873 (lll'),
384 807 521 872 necatrix,
540 821 652 874 pensor,
666 806 770 874 plutor,
784 807 907 871 relictor,
925 814 1059 878 sacrator,
1073 817 1180 864 satura-

109 917 165 975 tor,
187 909 326 978 seductor,
347 908 520 976 supplicator
538 908 652 974 (Prud.)
673 927 723 975 -·,
746 915 776 957 n.
802 895 842 957 29
866 929 904 942 -·-
926 911 1000 964 add.:
1022 917 1180 981 contempe.

108 997 185 1048 ratio
199 995 289 1060 (HF),
310 993 423 1060 cubitio,
438 992 625 1046 exhonoratio
639 993 718 1061 (Ol),
739 994 925 1064 manducatio,
944 999 1180 1066 praeposteratio,

108 1097 287 1166 reportatio,
319 1097 470 1164 saturatio,
502 1097 713 1148 transformatio
737 1096 807 1162 (Gi)
832 1116 882 1159 -,
909 1103 941 1148 n.
970 1084 1013 1146 34
1041 1118 1079 1130 -
1104 1099 1180 1152 add.:

110 1183 262 1250 capaciter,
282 1179 441 1246 causaliter,
460 1181 649 1233 essentialiter
668 1181 745 1246 (θ’),
766 1182 920 1234 exitialiter
939 1183 1038 1250 (ΙΙΙ*),
1058 1185 1179 1237 exitiosa

110 1305 163 1350 -,
187 1289 220 1352 p.
244 1270 282 1331 21
315 1267 358 1331 ad
381 1267 513 1330 ‘clause'
544 1301 583 1314 ·-
613 1283 689 1337 add.:
723 1285 903 1349 commotius,
933 1285 1087 1352 conditius,
1115 1300 1179 1338 con·

108 1387 253 1454 strictius,
279 1387 386 1438 sacrate
410 1405 461 1451 -,
484 1389 516 1451 p.
539 1370 582 1432 40
604 1370 646 1434 ad
670 1369 889 1435 ‘definienter'
913 1405 952 1417 -
982 1387 1057 1439 ιαὼς
1085 1386 1180 1439 inope.

108 1487 238 1552 dienter,
258 1488 431 1553 nescienter,
451 1486 668 1555 praefidentius,
689 1487 896 1540 stomachanter
921 1507 978 1554 -,
1007 1494 1039 1556 p.
1069 1475 1109 1536 75
1138 1473 1180 1537 ad

108 1574 366 1658 ‘incapabilitas'
391 1606 429 1618 ·-
454 1589 530 1642 add.:
550 1587 688 1642 idoneitas
704 1589 783 1658 (Oi),
803 1589 1069 1644 incommutabilitas
1083 1589 1180 1655 (Dion.

107 1673 224 1742 Exig.),
253 1673 465 1739 monstrositas,
494 1673 687 1740 multiplicitas
712 1675 775 1728 coll.
800 1691 822 1729 c.
845 1675 948 1727 Donat.
972 1676 1002 1741 1,
1030 1676 1119 1744 praef.
1145 1675 1180 1729 al.

108 1777 241 1841 (Boeth.)
266 1795 317 1840 -,
340 1780 372 1843 p.
400 1759 442 1823 89
471 1760 513 1823 ad
543 1759 745 1825 ‘intenibilis'
770 1795 808 1808 -
839 1776 916 1829 add.:
945 1776 1103 1829 formabilis
1130 1775 1177 1829 lib.

114 1962 370 1973 Μ

110 2104 191 2150 tenta
209 2099 347 2165 prolerre,
367 2112 439 2164 quae
458 2111 601 2163 nunqnam
616 2096 696 2148 latini
716 2096 838 2149 hominis
851 2099 927 2150 auris
941 2098 1058 2165 audiuit,
1079 2104 1106 2152 et
1118 2100 1180 2167 hcc,

110 2199 174 2235 cum
195 2182 229 2234 de
249 2182 368 2246 Graeco,
394 2196 465 2248 quae
491 2183 588 2248 lingua
611 2183 705 2233 uicina
731 2187 786 2249 est,
813 2183 981 2235 transferret
998 2185 1027 2235 iu
1046 2189 1180 2238 nostram.

110 2267 188 2333 qnid
207 2269 352 2335 patiuntur
376 2267 433 2334 illi,
460 2269 508 2334 qui
535 2267 568 2318 dc
592 2266 727 2319 Hebraeis
753 2267 965 2320 difficultatibus
992 2272 1180 2338 proprietates

110 2354 273 2420 exprimere
298 2355 452 2404 conantur?
487 2353 522 2404 Et
551 2355 643 2402 tamen
672 2353 761 2404 multo
790 2355 923 2421 pauciora
950 2359 1015 2406 sunt
1039 2356 1068 2405 in
1095 2356 1179 2407 tantis

109 2437 304 2489 uoluminibus
324 2437 541 2505 scripturarum,
562 2451 634 2504 quae
653 2439 807 2489 nouitatem
826 2442 935 2507 sonent,
955 2453 1039 2506 quern
1058 2453 1091 2490 ea
1109 2453 1180 2506 qnae
1214 2506 1217 2512 .

110 2521 161 2573 ille
180 2523 317 2590 inparue
337 2536 422 2590 opere
442 2523 589 2590 congessit
609 2523 655 2586 (cf.
676 2522 760 2576 Beitr.
779 2523 791 2574 Ι
809 2539 836 2575 n.
854 2523 880 2589 4,
893 2523 960 2575 -G
980 2540 1006 2591 p.
1026 2523 1078 2576 23*
1097 2539 1123 2576 n.
1141 2525 1179 2587 3).

113 2606 384 2659 commemorandus
405 2621 465 2658 esse
479 2607 591 2658 uidetur
604 2606 729 2660 hocloco
744 2609 826 2658 etiam
848 2607 947 2660 Oceli
958 2624 994 2661 us
1015 2608 1180 2661 Aurelia-

110 2707 193 2758 nus,
218 2690 433 2744 sollertissirnus
455 2691 668 2758 uocabulorum,
689 2695 719 2743 ut
736 2692 776 2742 ita
794 2692 910 2761 loquar,
939 2693 1128 2746 technicorum
1148 2693 1181 2744 de

112 2791 217 2845 graeco
238 2777 404 2842 translator,
425 2777 502 2828 cuius
522 2791 537 2828 a
556 2777 636 2842 locis,
656 2777 704 2843 qui
722 2776 776 2828 huc
795 2779 937 2843 pertinere
957 2778 1120 2844 uideantur,
1139 2780 1181 2828 iu·

112 2863 239 2914 numeris
263 2861 373 2928 aliquos
390 2867 448 2913 aut
471 2876 612 2929 apponere
638 2865 685 2912 aut
709 2860 832 2912 indicare
858 2861 977 2931 placuit,
1002 2862 1092 2913 ueluti
1111 2861 1181 2913 tard.

113 2946 160 3013 ll',
181 2947 207 3011 2,
228 2947 261 2998 14
279 2947 451 3014 ‘symptoma
470 2984 475 2998 .
496 2986 511 3013 .,
531 2945 606 3012 quod
624 2961 675 2998 nos
695 2946 820 2997 accidens
840 2947 958 2998 dicere
977 2945 1181 3015 poterimus’

111 3030 203 3098 (quod
222 3031 257 3082 al.
278 3030 463 3083 ‘concurrens’
482 3031 700 3098 iuterpretatur,
721 3035 752 3082 ut
769 3045 808 3083 ac.
826 3031 862 3095 ΙΙ,
881 3033 923 3093 37,
943 3031 1007 3084 204:
1032 3032 1056 3083 si
1075 3069 1081 3082 .
1100 3069 1107 3083 .
1126 3028 1182 3080 alia

111 3117 310 3168 concurrentia
327 3117 433 3167 suerint
451 3115 590 3183 lenigata,
614 3117 647 3172 ct.
673 3131 839 3168 concurrere
864 3116 900 3184 ΙΙ,
920 3118 961 3184 27,
980 3116 1040 3181 143,
1059 3115 1102 3180 32,
1124 3115 1181 3180 166,

110 3202 226 3268 saepius
246 3207 337 3252 tamen
357 3215 389 3252 ea
407 3203 437 3251 in
455 3215 485 3251 re
505 3201 591 3252 uerbo
611 3201 710 3267 ‘sequi’
730 3216 813 3269 usus,
839 3207 870 3253 ut
889 3202 959 3254 tard.
979 3201 1014 3268 ll,
1034 3203 1058 3269 7,
1077 3201 1111 3251 94
1130 3199 1181 3251 ‘se-

111 3287 211 3353 quitur
230 3301 288 3353 eos,
308 3287 355 3351 qui
375 3301 476 3352 coryza
488 3290 638 3351 uexantur,
658 3287 782 3353 grauedo
796 3288 907 3338 narium
922 3292 949 3338 et
963 3286 1084 3350 frontis',
1104 3285 1182 3348 (cum

111 3372 182 3432 dat.)
207 3385 246 3422 ac,
270 3370 305 3438 ΙΙ,
333 3371 376 3437 17,
403 3371 453 3422 102
480 3370 640 3423 ‘nomicosis
667 3372 714 3423 uel
743 3372 907 3425 collectione
935 3370 1182 3424 laborantibus..

111 3459 196 3523 sputa
215 3456 376 3520 sequentur'
395 3458 423 3507 et
441 3483 472 3494 -
492 3470 553 3507 cum
573 3461 692 3522 utroque
711 3471 775 3508 casu
792 3485 820 3495 -
835 3460 916 3524 freq,
937 3458 1069 3523 consequi
1092 3471 1132 3508 ac.
1146 3455 1181 3521 ll,

112 3541 137 3608 1,
158 3541 174 3592 1
193 3539 319 3593 ‘uocatur
338 3541 483 3608 lethargus
497 3555 513 3590 a
526 3543 705 3606 consequenti
720 3543 843 3608 passioni
858 3543 1021 3607 obliuione’,
1041 3542 1082 3608 16,
1096 3542 1147 3592 97.
1165 3578 1182 3605 .,

112 3628 249 3693 prosequi
274 3641 312 3678 ac.
336 3626 371 3693 ll,
391 3625 433 3690 10,
453 3625 486 3677 59
511 3625 577 3692 al),
598 3653 629 3664 -
648 3623 718 3676 tard.
744 3626 765 3691 Ι,
785 3627 810 3684 1,
834 3627 868 3676 40
892 3625 1081 3691 ιριιιτιῐιὶοιιηι,
1107 3623 1183 3687 quod

112 3714 368 3764 sternutamentum
387 3711 439 3777 (ΙΙΙ
462 3725 483 3763 s.
502 3712 543 3774 u.)
563 3711 681 3760 dicere
701 3709 921 3777 poterimns',
941 3709 976 3775 Il,
990 3710 1015 3776 4,
1029 3707 1062 3758 84
1081 3705 1183 3771 (odon-

114 3802 250 3864 tagogum
268 3817 302 3842 =
322 3796 524 3861 dentiducum),
544 3810 581 3848 ac.
600 3795 636 3859 ΙΙ,
657 3795 698 3862 10,
718 3796 751 3847 56
771 3793 874 3862 ‘passio
888 3807 972 3859 quam
992 3792 1090 3844 Graeci
1110 3796 1181 3842 cata-

113 3881 207 3948 lepsin
226 3882 383 3950 appellant,
413 3896 463 3933 noa
483 3881 735 3949 apprehensionem
755 3879 802 3930 uel
823 3883 1035 3947 oppressionem
1055 3889 1183 3928 uocare

114 3968 234 4032 poteri
244 3967 331 4033 mne’,
351 3966 422 4017 turd.
435 3966 470 4032 ΙΙ,
485 3967 526 4031 11,
541 3967 589 4017 127
609 3963 820 4032 (diaphragmaz
841 3964 1029 4027 discrimeul),
1049 3962 1098 4028 ΙΙΙ,
1111 3965 1137 4029 4,
1150 3962 1184 4016 sa

113 4050 274 4118 (anodynat
303 4050 444 4102 indoloria
461 4065 487 4100 n.
507 4050 575 4118 pl),
600 4065 639 4102 ac.
666 4048 702 4118 ll,
727 4051 771 4116 14,
790 4050 823 4102 94
847 4051 1021 4115 (apostema:
1051 4049 1182 4116 uomica),

114 4136 228 4202 28,148
247 4136 446 4205 (dyspnoicusr
466 4134 641 4203 anhelosus),
660 4135 703 4202 38,
723 4135 773 4186 218
792 4135 826 4188 al.
846 4137 1064 4202 (sympasmataz
1088 4149 1181 4202 asper-

115 4222 226 4289 gines),
250 4221 300 4288 ΙΙΙ,
318 4221 344 4288 9,
362 4221 396 4273 98
415 4219 623 4287 (pheugydrosc
650 4220 814 4288 aquiluga),
834 4220 904 4272 tard.
924 4220 958 4287 ll,
977 4220 1002 4287 1,
1023 4221 1064 4285 10,
1084 4219 1120 4270 ib.
1139 4220 1182 4287 11,

114 4304 153 4360 ih.
171 4306 214 4371 14,
233 4305 293 4372 209,
312 4304 357 4372 lV,
377 4304 401 4370 2,
420 4305 462 4371 17,
482 4319 520 4356 ac.
541 4305 575 4371 ΙΙ,
593 4306 636 4371 37,
655 4306 714 4372 197,
734 4304 783 4368 ΙΙΙ,
795 4307 821 4373 4,
834 4307 876 4373 47,
895 4305 921 4372 6,
934 4306 1008 4358 61..
1045 4303 1086 4358 Ol.
1104 4319 1132 4359 u,
1142 4303 1184 4356 84.

928 4408 979 4460 15*
