3326 5332
694 599 698 606 .
808 535 980 606 --176
1037 575 1079 585 -

412 751 500 813 rant
526 739 672 835 qnidam
697 737 879 810 nantiaait
906 734 1046 808 Abram
1073 735 1314 832 transslaaiali
1342 741 1483 832 (Valgz

411 864 548 935 Abram
575 862 773 952 Hebraeo),
801 863 836 930 it.
867 861 958 950 Aug.
988 880 1069 950 quu.
1099 860 1135 928 in
1163 859 1266 950 Hept.
1294 860 1322 950 i,
1353 859 1411 928 29.

490 1055 810 1159 transnatatis:
843 1064 995 1132 Primae.
1023 1061 1268 1153 tripontii,
1296 1060 1343 1130 ad
1372 1083 1401 1130 s.
1431 1062 1481 1131 10

405 1192 585 1277 porrectae
619 1179 833 1253 credulitatis
867 1177 1177 1274 transgressibilem
1217 1178 1389 1273 reputans,
1433 1221 1478 1232 -

409 1325 512 1394 gan:
557 1303 941 1394 intransgressibilem,
983 1300 1077 1393 quod
1106 1299 1319 1371 uocabulum
1347 1299 1484 1370 habent

411 1425 601 1513 Angustin.
631 1423 773 1515 aliique.

485 1615 693 1701 transilitio:
736 1625 825 1712 Aug.
854 1625 890 1692 in
925 1644 976 1714 ps.
1007 1623 1068 1715 38,
1098 1623 1118 1693 2
1147 1632 1194 1692 est
1220 1621 1303 1692 laea
1330 1621 1480 1692 assensio

407 1753 439 1813 et
463 1740 531 1813 ista
548 1740 736 1812 transilitio
754 1764 827 1811 non
847 1739 1004 1836 pedibas,
1031 1765 1103 1812 aon
1122 1740 1231 1822 scalis,
1251 1764 1324 1812 non
1336 1740 1480 1836 peanis.

485 1937 701 2023 transilitor:
744 1944 904 2016 Cassiod.
946 1947 982 2016 in
1021 1967 1073 2038 ps.
1110 1947 1159 2016 38
1199 1969 1233 2039 p.
1275 1946 1349 2016 131
1395 1947 1479 2019 Gar.

409 2060 620 2136 Hebraeum
652 2087 779 2136 nornen
813 2072 869 2151 est,
909 2062 1002 2160 qaod
1031 2063 1154 2161 lingna
1186 2061 1322 2134 Latiae
1349 2062 1481 2135 olioitar

409 2183 619 2264 transilitor,
648 2187 695 2255 ib.
723 2185 785 2253 inf.
805 2206 839 2275 p.
861 2183 947 2276 132,
974 2186 1021 2255 ib.
1041 2189 1077 2256 in
1105 2211 1140 2257 u.
1163 2186 1182 2256 7
1203 2186 1479 2274 8198188881,

408 2309 444 2374 in
471 2327 524 2396 ps.
561 2305 620 2393 is,
655 2305 675 2372 1
711 2304 777 2393 al,
811 2340 859 2351 -—
888 2307 931 2372 81.
972 2307 1219 2376 transilitas
1259 2309 1350 2396 part.
1387 2305 1476 2397 perf.

410 2423 570 2494 Cassiod.
597 2424 634 2490 in
661 2442 715 2513 ps.
745 2422 806 2512 33,
834 2423 856 2491 6
890 2419 1084 2514 ‘perpende
1118 2424 1213 2515 qnod
1245 2425 1404 2495 Hebraei
1432 2425 1479 2492 al·

406 2543 554 2636 phabeti
582 2542 627 2611 sit
651 2541 756 2610 litera
770 2542 973 2633 ,transilita
1000 2565 1065 2634 pro
1086 2550 1185 2614 sexta
1205 2547 1299 2614 enim
1326 2545 1480 2634 septima

408 2665 524 2754 posita
552 2660 614 2730 est'
642 2654 771 2752 81371).

408 2877 661 2888 *ΦΦ--ιοη-ο--αα-ι-

509 3013 746 3080 transibilis03
766 3041 798 3052 -·
817 3013 1023 3064 *translatio
1043 3013 1077 3064 A.

476 3150 543 3214 372>
562 3151 760 3204 insolentioris
780 3150 864 3202 huius
879 3148 1037 3201 declinandi
1050 3149 1158 3203 formae
1172 3154 1276 3205 mentio
1289 3167 1385 3204 ansam
1399 3167 1479 3219 prae·

408 3233 469 3286 buit
482 3236 617 3302 pauculas
631 3237 766 3304 quasdam
779 3235 953 3304 pertinentes
967 3233 1002 3284 ed
1016 3235 1182 3290 elocutionis
1194 3237 1395 3290 Cassiodoreae
1408 3237 1479 3288 idio-

412 3319 510 3372 tisnros
526 3321 715 3388 verrprornendi
736 3319 956 3372 obseruationes.
988 3318 1023 3370 Et
1040 3321 1169 3390 inprimis
1190 3323 1301 3389 quidem
1321 3327 1478 3374 memoratu

409 3401 496 3470 digne
514 3405 601 3456 luerit
619 3405 789 3458 construatis
812 3419 890 3455 eum
916 3404 1138 3460 inlinitiuo
1159 3435 1187 3444 -
1208 3408 1378 3461 insolentior
1397 3407 1478 3474 81188,

408 3487 534 3540 crebrior
562 3495 655 3542 antem
684 3490 758 3558 apud
784 3491 868 3542 istum
897 3491 1063 3557 scriptorem
1093 3521 1124 3530 -
1153 3493 1261 3547 formae
1289 3494 1479 3561 passione

410 3571 560 3626 uerborum
580 3575 721 3628 sentiendi
739 3575 785 3628 uel
805 3574 965 3628 declarandi
989 3592 1051 3629 eum
1071 3577 1207 3647 aliorum,
1235 3583 1293 3630 tum
1322 3579 1383 3628 eius
1409 3591 1435 3642 q.
1449 3591 1479 3633 e.

407 3659 583 3725 probari:
612 3662 641 3712 in
667 3677 708 3729 ps.
729 3661 778 3730 34,
804 3661 837 3714 26
856 3659 905 3731 ι81,
926 3665 973 3730 qui
994 3662 1061 3714 dare
1081 3669 1198 3716 uenerat
1216 3664 1335 3716 salutem
1355 3663 1479 3714 humano

407 3747 516 3813 generi,
536 3745 571 3799 ab
589 3748 696 3798 insanis
716 3751 744 3798 et
762 3747 878 3815 perfidis
898 3748 1067 3816 probaretur
1086 3749 1193 3817 oeeidi',
1212 3746 1415 3818 in56,13‘qui
1436 3763 1478 3799 ea-

407 3836 460 3898 put
478 3835 506 3883 et
525 3833 583 3884 dux
601 3832 735 3885 ecelesiae
753 3832 890 3901 probatur
908 3834 1050 3902 intelligi,
1070 3835 1099 3885 in
1119 3837 1182 3902 117,
1201 3836 1235 3888 30
1257 3835 1311 3886 ‘hie
1330 3848 1429 3886 uersus
1448 3835 1478 3884 in

408 3917 499 3984 eapite
518 3919 619 3984 psalmi
639 3917 775 3984 probatur
794 3932 855 3970 esse
874 3919 930 3970 iam
951 3919 1059 3987 dietus’,
1078 3919 1206 3972 181258.
1221 3921 1239 3972 f.
1254 3919 1384 3987 ‘denique
1403 3919 1477 3988 psai-

408 4016 469 4052 mus
482 4002 543 4069 ipse
556 4003 612 4054 iam
627 4017 682 4054 non
694 4003 817 4054 laturam
838 4003 1025 4072 prophetiam,
1046 4004 1093 4056 sed
1114 4005 1208 4072 ipsum
1227 4005 1349 4058 fractum
1367 4005 1477 4057 uentris

408 4085 555 4138 ostendere
583 4087 799 4156 comprobatur',
829 4090 859 4140 in
885 4089 927 4154 91,
956 4089 988 4140 12
1013 4087 1095 4155 ‘qnae
1118 4089 1246 4156 (cedrus)
1265 4091 1354 4143 multo
1374 4089 1476 4159 palmis

407 4169 544 4237 probatur
563 4171 720 4240 excelsior',
739 4175 769 4224 in
789 4175 830 4239 75,
849 4173 875 4240 3,
894 4173 937 4242 88,
957 4175 999 4241 50,
1020 4175 1078 4242 103,
1097 4175 1139 4229 30.
1158 4175 1200 4243 31,
1219 4176 1279 4241 106,
1298 4177 1340 4243 10,
1360 4177 1420 4244 107,
1434 4175 1477 4242 24,

407 4255 467 4322 131,
487 4259 503 4308 5
522 4255 557 4308 81.
577 4257 624 4322 (ai.
645 4256 721 4311 Coei.
740 4259 809 4311 Aur.
829 4257 899 4309 tard.
918 4257 954 4322 ΙΙ,
974 4259 999 4325 1,
1018 4260 1053 4311 60
1071 4259 1234 4313 ‘Thessalus
1258 4261 1379 4314 secando
1403 4261 1476 4314 libro

409 4339 442 4392 de
461 4340 568 4409 regulis
588 4341 716 4396 scribens
734 4342 857 4410 plurima
875 4347 950 4396 reate
969 4343 1076 4398 dixisse
1094 4345 1248 4414 probatur',
1265 4347 1288 4414 i,
1308 4348 1333 4414 l,
1346 4347 1389 4416 61,
1403 4351 1476 4401 aaut.
