3292 5346
573 533 825 605 ...33-

238 730 420 814 inflectet:
448 735 626 810 Aldhelm.
650 734 747 806 laud.
769 738 921 828 uirginit.
951 736 999 810 35
1025 761 1070 808 ne
1095 737 1137 810 ab
1162 738 1233 810 inu-

144 853 381 952 peruturiiue
413 852 559 948 locuples
586 876 764 948 quierunt
791 853 969 949 opulentia
997 911 1006 928 .
1036 911 1044 930 .
1063 856 1235 953 funditur

153 974 404 1071 infimarum,-
431 1013 479 1026 --
507 976 703 1086 confiscare
729 977 825 1048 Suet.
854 975 949 1048 Tert.
977 975 1067 1052 toti.

237 1206 493 1310 infrequenter:
533 1213 658 1284 Ambr.
695 1234 750 1307 ep.
784 1212 901 1306 (dub.)
930 1215 978 1288 55
1005 1214 1231 1308 (thesaurus)

152 1331 358 1403 habentibus
399 1355 473 1403 nen
520 1330 763 1427 infrequenter
794 1331 1015 1429 perniciosus
1022 1359 1034 1414 ,·
1073 1356 1232 1428 compar.

161 1453 313 1548 „Boetn
342 1455 379 1522 in
406 1455 514 1524 Arist.
543 1451 587 1522 de
613 1455 760 1547 interpr.
790 1454 845 1525 ed.
874 1475 944 1524 sec.
972 1477 1007 1547 p.
1036 1449 1147 1525 378“.

237 1680 494 1767 institiiittttt:
534 1691 593 1760 Pe.
613 1690 704 1780 Aug.
734 1688 779 1758 nd
805 1691 925 1761 fratrr.
954 1713 1063 1762 erem.
1083 1691 1232 1763 serm.3

153 1829 238 1878 uere
264 1804 512 1904 infructiferus
529 1831 572 1889 ee,
600 1819 632 1876 et
656 1805 900 1904 infructiferos
916 1807 1006 1900 tuuis
1032 1807 1094 1904 qui
1114 1819 1145 1879 te
1163 1834 1231 1880 uu-

157 1924 274 1998 diunt.
328 1927 381 2000 ef.
410 1950 516 2000 serm.
545 1928 594 1998 18
613 1925 647 1996 ίο
666 1929 798 1997 uermie
817 1929 1021 2019 mortifere’,
1050 1928 1098 1998 33
1117 1926 1233 1998 ‘umor

155 2047 390 2139 mortiferus',
430 2049 499 2118 hoe
531 2045 678 2138 quidem
714 2045 927 2130 (mortiferus
958 2069 1024 2138 pro
1057 2045 1228 2134 mortifer)

156 2167 337 2257 praeitore
380 2165 495 2238 Celso.
563 2164 730 2238 Ceterum
777 2161 1017 2258 „infructifer“
1066 2165 1232 2236 exhibent

154 2285 260 2355 Klotz
288 2290 323 2354 et
347 2285 483 2356 lue-vit
500 2306 545 2355 ex
569 2287 679 2356 inser.
702 2285 867 2376 (arbores
888 2337 896 2354 .
920 2338 928 2354 .
956 2284 1229 2374 infructiferae),

156 2401 217 2475 Ott
243 2404 350 2474 Beitr.
379 2428 409 2474 n.
437 2405 501 2474 lnt.
519 2406 703 2495 Lexieogr.
727 2405 770 2495 11,
797 2427 833 2496 p.
863 2404 883 2473 2
913 2425 932 2474 e
959 2407 1054 2475 Don.
1083 2403 1129 2473 nd
1148 2402 1229 2473 Ter.

158 2521 227 2614 (ap.
256 2543 362 2614 quem
382 2523 431 2593 eit
447 2523 536 2615 legi:
563 2525 660 2593 salsa
678 2530 713 2594 et
729 2515 989 2618 infructifera)3
1019 2521 1101 2593 edd.
1129 2523 1229 2592 Eust.

155 2641 331 2711 Hexuem.
357 2642 401 2733 ΙΙ,
429 2642 451 2711 1
479 2639 661 2713 ‘arborum
687 2644 951 2713 fructiferarum
983 2643 1043 2712 uel
1075 2642 1231 2712 infructi-

154 2760 324 2830 ferarum'
360 2760 456 2851 (uod.
492 2761 592 2833 Oulb.
625 2759 687 2854 Π),
718 2799 759 2809 -
791 2763 919 2854 quibus
953 2783 973 2833 e
1005 2762 1111 2851 loeis,
1150 2766 1231 2829 utre

154 2880 261 2948 fuerit
295 2881 506 2951 nominatiui
543 2883 633 2972 sing.
667 2902 777 2951 muer.
814 2885 950 2971 forma,
986 2900 1059 2950 non
1094 2879 1229 2970 perepi-

158 2998 266 3068 uitur:

233 3226 413 3309 initiunt:
442 3230 587 3326 [Hilern]
618 3255 724 3303 anon.
755 3236 788 3302 in
816 3235 884 3306 Job
910 3236 958 3306 III
985 3259 1020 3329 p.
1050 3236 1124 3307 220
1150 3259 1230 3306 eune

153 3350 331 3434 infrunite
356 3349 655 3423 mundueeuerint
675 3351 733 3422 uei
757 3351 913 3436 biberint,
935 3409 973 3426 ..
1001 3365 1033 3424 et
1062 3351 1226 3453 (uieeeru)

153 3469 194 3542 in
221 3469 375 3542 delerent
405 3481 506 3566 utque
535 3469 576 3541 in
605 3468 851 3566 infirmitatem
883 3465 1020 3555 fuerint
1050 3498 1229 3564 conuersa,

156 3645 165 3662 .
194 3645 203 3662 .
231 3602 314 3663 tune
338 3589 515 3662 nimirum
533 3587 654 3661 dieunt
673 3589 891 3685 insipienter,
919 3591 1010 3688 qued
1025 3592 1229 3689 fascinatus

154 3709 199 3782 eit
225 3709 380 3806 quilibet5
407 3749 454 3762 -
482 3712 672 3781 infrunitus
700 3713 797 3803 Sem,
824 3714 953 3804 Maur,
981 3713 1087 3802 Vulg.
1115 3715 1227 3784 Siren.

155 3831 236 3923 (31,
283 3831 346 3901 23:
398 3831 544 3904 cholera
589 3837 623 3902 et
657 3836 794 3901 tortura
836 3834 914 3900 uiro
958 3831 1149 3922 infrunito,
1194 3836 1229 3900 et

157 3950 219 4043 23,
247 3951 301 4037 6).

154 4183 409 4200 „.........-..-....

259 4335 523 4403 ingenui-abilis
542 4335 594 4404 ib.;
615 4365 644 4374 -
664 4337 928 4403 ingraminatus
948 4337 980 4395 B.

989 4437 1024 4491 6*
